5064 6286
1999 700 2028 793 5

299 909 401 978 tionis
421 908 533 998 organi
555 905 723 994 sanguinis
743 903 899 982 motorii,
923 901 945 971 i.
963 898 993 968 e}
1021 897 1061 966 td
1075 895 1247 986 polensis
1272 897 1441 968 delectum
1466 903 1521 968 vel
1548 902 1769 991 integriutem
1794 901 1934 968 omnino
1954 923 2026 967 non

302 1033 497 1114 respexerit,
525 1029 677 1111 quemvis
696 1027 732 1090 in
754 1025 849 1088 variis
873 1024 998 1088 ossibus
1018 1023 1127 1086 verius
1146 1023 1200 1100 sit,
1228 1035 1261 1088 et
1289 1024 1477 1088 secundum
1494 1026 1700 1109 propositum
1717 1024 1886 1088 divisionis
1910 1023 2028 1086 funda·

300 1163 459 1213 tuentum
487 1167 557 1210 non
587 1147 700 1208 minus
732 1156 878 1208 accurate
906 1141 1071 1206 observari
1099 1141 1283 1220 debuisset,
1310 1163 1412 1225 quam
1431 1143 1576 1206 defectus
1597 1145 1651 1208 vel
1670 1145 1834 1226 integritus
1855 1143 2026 1226 peritonei.

300 1269 456 1330 Existunt
478 1265 731 1342 observationes,
746 1263 782 1324 in
806 1262 925 1344 quibus
948 1275 1083 1343 uosque
1102 1262 1297 1357 membrana
1317 1261 1439 1336 defuit;
1457 1263 1493 1324 in
1513 1264 1582 1324 eliis
1601 1283 1668 1324 uns
1689 1273 1826 1324 tantum·
1840 1279 1960 1326 eorum
1973 1259 2027 1322 de·

299 1383 517 1449 sidersbrturt
539 1397 572 1446 et
590 1383 739 1445 Ltuutvs
762 1385 793 1460 ¹)
815 1381 924 1442 letum
945 1380 1040 1457 vidit,
1062 1361 1116 1442 eui
1137 1395 1289 1445 eternum
1305 1381 1441 1458 fissum,
1458 1381 1542 1442 cutis
1562 1391 1693 1444 externe
1719 1393 1831 1444 eutem
1849 1379 2028 1443 ineohrtuit

299 1516 382 1576 erst3
401 1503 507 1564 nihilo
521 1514 633 1563 temen
649 1501 765 1561 miuus
788 1516 843 1560 cor
860 1515 1013 1580 perverto
1035 1499 1101 1560 situ
1121 1500 1158 1560 irs
1185 1499 1298 1562 dextro
1319 1501 1427 1576 latere,
1445 1499 1623 1582 pericerdio
1644 1499 1738 1582 plene
1766 1495 1961 1561 destitutum
1979 1499 2027 1560 le·

299 1620 364 1686 tuit
370 1643 385 1696 ;⁴
410 1619 522 1685 loreto
553 1621 652 1684 etism
678 1593 895 1700 peritoneum'
914 1617 1170 1695 desiderobttur,
1198 1619 1275 1681 licet
1293 1617 1450 1700 ejusmodi
1469 1617 1613 1682 delectus
1634 1617 1769 1680 mentio·
1783 1633 1853 1678 non
1873 1615 1953 1678 tacta
1973 1603 2026 1680 sit'·
2075 1587 2078 1598 Ι

298 1741 350 1803 Ex
371 1739 472 1802 siletis
494 1738 566 1821 jam
585 1736 703 1818 triplex
723 1737 859 1797 verietrs
880 1747 979 1816 patet,
999 1755 1143 1820 querum
1163 1755 1379 1822 unaquaeque
1404 1754 1526 1800 noveru
1547 1737 1691 1820 speciem
1711 1734 1912 1816 (secundum
1931 1736 2027 1797 crite-

300 1858 393 1920 rium
415 1855 670 1930 Mscrtretsnvrt)
692 1853 835 1916 lormtre
854 1865 971 1935 posset.
1021 1857 1146 1917 interea
1165 1857 1391 1938 complurium
1417 1875 1555 1918 ossuum
1575 1854 1746 1934 descriptio
1762 1866 1833 1914 tem
1854 1853 2030 1935 inperfecte

301 1987 359 2050 est,
378 1987 417 2035 ut
437 1973 530 2035 dubii
548 1973 652 2032 simus
672 1985 769 2055 etque
788 1965 983 2048 incertisars
1003 1971 1222 2054 perictrdium
1244 1986 1276 2034 et
1297 1973 1509 2054 peritoneum
1527 1971 1709 2047 defuerint,
1729 1989 1792 2032 nee
1812 1989 1866 2034 ne.
1909 1971 2029 2032 Obser-

299 2103 425 2156 vatores
447 2089 533 2151 haud
548 2107 620 2150 raro
638 2091 819 2170 persistunt
836 2091 873 2153 iu
892 2086 1118 2167 affirmatione,
1138 2089 1310 2154 sevidisse
1333 2091 1388 2154 vel
1411 2091 1561 2166 thorteis,
1581 2089 1635 2151 vel
1649 2088 1843 2164 ebdominis,
1864 2088 1918 2150 vel
1935 2087 2030 2150 deni·

298 2227 363 2293 que
384 2209 555 2290 utriusque
580 2209 724 2272 esvltttis
757 2209 881 2270 viscera
911 2205 996 2268 fores
1021 2221 1181 2289 protruss.
1233 2209 1299 2284 Qui
1324 2223 1414 2268 ossus
1434 2208 1527 2268 dubii
1545 2208 1615 2290 peri
1643 2209 1745 2291 igitur
1765 2207 1838 2290 jure
1855 2207 1896 2270 ad
1923 2225 2029 2272 sturm

299 2345 403 2408 seque
422 2345 458 2388 uc
488 2325 527 2388 sd
545 2325 682 2388 alteram
703 2327 848 2410 spetiem
868 2327 1071 2392 numerandi
1097 2325 1217 2392 ferent.

1111 2623 1143 2708 l·
1185 2634 1221 2706 4-

385 2817 514 2905 Quibus
537 2817 694 2882 omnibut
714 2817 775 2883 rite
789 2777 968 2902 perpensis,
990 2818 1191 2896 factumest,
1212 2831 1253 2880 ut
1265 2817 1506 2885 Mrctsssrsrtvu
1519 2815 1688 2884 divisionis
1699 2831 1795 2906 etque
1812 2817 2029 2884 coordinatio-

297 2937 350 3000 nis
372 2937 633 3001 fundumentum
650 2939 747 3020 plene
764 2938 989 3019 relinquerem
1007 2950 1040 3000 et
1059 2937 1147 3000 eliud
1169 2937 1255 3000 mihi
1284 2937 1460 3024 eligerem,
1483 2957 1522 3002 eo
1543 2942 1657 3026 turgis,
1678 2961 1756 3005 eum
1777 2941 1813 3002 in
1835 2943 1947 3002 auimo
1969 2938 2027 3004 ht·

297 3055 426 3134 berem,
445 3075 516 3120 non
538 3057 578 3118 de
600 3057 730 3118 thorace
751 3057 804 3118 vel
836 3057 1014 3119 abdomine
1036 3058 1108 3120 lisso
1131 3059 1290 3137 scribere,
1319 3057 1374 3120 sed
1392 3059 1503 3140 potius
1525 3060 1565 3120 de
1587 3057 1690 3121 cordis
1712 3057 1914 3162 edomicilio
1933 3079 1950 3120 e
1969 3077 2026 3122 ns·

296 3187 370 3238 ture
394 3175 424 3236 ei
445 3172 617 3249 destinato,
638 3174 691 3236 vel
711 3167 752 3238 ed
770 3189 942 3240 extentam
961 3177 1102 3260 corporis
1118 3177 1327 3262 superficiem
1347 3195 1495 3262 egressu,
1524 3177 1579 3244 vel
1603 3178 1641 3242 iu
1669 3178 1816 3242 uicinam
1838 3175 2024 3242 abdominis

297 3295 473 3364 cavitatem
493 3293 691 3378 migretione
714 3295 879 3357 disserere.
1458 3269 1464 3278 ⁸

1109 3585 1140 3672 i.
1184 3588 1216 3656 5.

1447 3723 1456 3766 t

381 3779 471 3847 cum
494 3798 534 3844 ex
554 3779 837 3844 observationibus
854 3784 1026 3848 nonnullis
1045 3797 1161 3869 petest,
1181 3803 1236 3848 eor
1249 3797 1664 3868 nonuunqutm·eonsuets
1678 3781 1943 3853 locrdssttuisse
1967 3785 2021 3847 in·

296 3901 422 3965 columi
444 3919 535 3965 osseo
557 3919 618 3962 suo
641 3899 866 3974 munimento,
885 3915 1095 3984 compertum
1114 3903 1229 3977 habeo,
1247 3906 1351 3966 situm
1377 3903 1484 3966 cordis
1510 3902 1666 3984 pstulutu
1689 3917 1723 3966 et
1744 3905 1882 3968 thoracis
1898 3903 1952 3968 vel
1969 3905 2024 3966 iss·

294 4039 407 4084 turam
429 4020 482 4082 vel
504 4039 544 4082 ex
566 4017 670 4100 alique
692 4031 780 4100 porte
803 4017 971 4080 defectum
992 4019 1125 4084 diverso
1148 4020 1227 4082 vitis
1250 4038 1330 4096 esse,
1351 4031 1435 4102 quse
1454 4017 1590 4104 quidem
1613 4017 1880 4104 frequentissimo
1895 4041 2024 4088 connu-

294 4137 351 4198 bio
372 4135 541 4218 gaudeant,
564 4155 709 4219 quotum
739 4149 851 4200 tatum
869 4139 1122 4220 unumquodvis
1150 4129 1233 4202 sine'
1248 4139 1348 4202 eltuto
1370 4135 1509 4202 existere
1527 4139 1638 4220 possit.
1683 4140 1756 4227 Qus
1778 4141 1818 4206 de
1838 4161 1885 4219 re,
1903 4141 1942 4204 rti
1961 4141 2022 4206 iai·

295 4253 363 4354 lor,
391 4249 657 4316 Fusrscunsnuvs
683 4256 784 4318 etiem
814 4267 993 4341 utrumque
1011 4259 1135 4322 vitium
1155 4259 1293 4322 seorsim
1312 4258 1477 4333 tractarit,
1504 4259 1616 4338 eique,
1641 4257 1682 4321 de
1702 4277 1769 4340 quo
1796 4259 2024 4326 modulatius

292 4371 461 4458 egendum
484 4382 544 4446 est,
566 4372 716 4452 generale
737 4393 866 4436 nomen
887 4373 1037 4456 obsepias
1056 4376 1171 4438 sordis
1188 4377 1364 4458 imposuite
1389 4375 1423 4454 ²)
1449 4393 1552 4456 quem
1567 4393 1704 4452 votem,
1734 4387 1850 4460 utpote
1877 4379 1925 4442 rei
1950 4379 2022 4442 ido·

294 4509 406 4570 neem,
428 4488 530 4550 sinutl
553 4507 633 4552 cum
655 4487 818 4552 divisione
840 4492 877 4553 iu
900 4495 1061 4576 eetopt'am
1076 4495 1279 4578 pectoralem
1300 4507 1331 4560 et
1351 4492 1535 4558 vmtraltm
1556 4511 1598 4562 ex
1619 4510 1715 4576 opere
1726 4493 1904 4562 budusin
1919 4517 2021 4562 usum

294 4627 415 4673 meum
442 4626 565 4670 voesvr.

366 4978 400 5050 ¹)
417 4973 563 5032 Abirsdl.
577 4965 612 5031 'el
630 4975 768 5054 Kesetgl.
792 4973 913 5034 tatere
930 4971 1026 5032 Alae
1043 4973 1071 5032 d.
1091 4971 1274 5034 Wtrsssuelo
1297 4991 1327 5038 τ.
1355 4969 1633 5040 ϋδαὶιωᾰξαῖῦοὲι.
1647 4999 1704 5042 m
1720 4979 1792 5044 Aer.
1813 4980 1915 5042 Gettl.
1929 4977 2020 5036 Kese.

412 5065 583 5136 mr.asss.
609 5071 637 5122 J·
660 5069 734 5142 2762„
753 5079 799 5144 24·
818 5069 873 5124 ut.
899 5069 976 5142 ¹7⁶5
995 5069 1074 5126 vot.
1093 5071 1120 5126 t.
1139 5075 1202 5142 e4o
1290 5112 1309 5150 .·
1375 5114 1418 5150 „r
1440 5108 1459 5152 ἱ)

365 5185 396 5258 ²)
414 5185 458 5242 De
478 5185 549 5240 vitiis
570 5187 717 5260 congruitis
738 5205 810 5246 stret
834 5187 976 5251 morsum
993 5201 1021 5246 tt
1041 5189 1189 5246 abdomen.
1207 5187 1318 5270 Eritne·
1329 5195 1421 5272 3319,
1433 5205 1496 5270 ptr.
1520 5187 1567 5248 rb.
