5064 6286
532 703 590 792 do

536 899 669 962 sinistro
691 863 791 961 'lasere
812 910 944 980 prorsus
971 891 1173 966 deficientes,
1213 883 1319 960 Pelvi's
1338 906 1489 960 ceterum
1505 892 1590 959 tans
1604 887 1815 974 mulormals,
1836 910 1973 982 ossaque
1992 899 2089 984 pubis
2102 901 2273 985 symphysi

539 1015 832 1102 conjungebantur.

1311 1261 1381 1384 ,b
1424 1271 1478 1347 ts·

601 1491 605 1503 ’
625 1487 821 1570 Priusquam
842 1485 899 1551 ad¹
912 1488 1054 1553 tertium
1067 1485 1183 1550 istum
1201 1495 1429 1548 monstrosum
1449 1483 1616 1560 accedam,
1634 1484 1921 1569 praemonendum
1938 1485 2024 1550 mihi
2042 1488 2182 1562 videtur,
2207 1489 2272 1558 lats·

541 1605 594 1688 ius
615 1606 909 1689 perscrutationem
930 1605 1001 1686 ism
1020 1605 1190 1691 pridem‘a
1208 1605 1417 1681 ersrsuno,
1443 1603 1500 1688 qui
1522 1602 1704 1668 secundarii
1724 1609 1939 1690 praeceptoris
1960 1610 2149 1671 munerein
2163 1608 2273 1676 sebois

548 1725 728 1786 obstetricia
758 1722 998 1790 Vratislavisusi
1028 1724 1196 1810 iungitur,
1223 1724 1262 1785 in
1288 1741 1392 1785 usum
1410 1720 1663 1786 conscribendae
1687 1721 1918 1788 dissertationis
1952 1725 2139 1790 institutam
2162 1727 2274 1794 fuisse·

546 1841 638 1927 Quae
659 1861 739 1904 cum
761 1846 925 1926 proxime,
945 1845 994 1908 uti
1014 1862 1143 1926 sperare
1161 1843 1248 1919 licet,
1268 1841 1353 1923 typis
1374 1858 1520 1922 expressa
1542 1842 1579 1904 in
1600 1839 1711 1904 lucem
1729 1841 1881 1924 prodibit,
1904 1839 2040 1906 lectores
2061 1844 2100 1906 sd
2121 1863 2198 1908 eam
2217 1846 2273 1910 de·

544 1961 627 2046 lego,
647 1971 744 2042 atque
769 1963 842 2024 satis
860 1961 1013 2040 babeam,
1048 1960 1153 2024 cordis
1174 1959 1368 2041 praeprimis
1390 1959 1495 2020 situm
1516 1959 1701 2022 abucmem
1721 1957 1903 2023 describere
1924 1971 1959 2022 et
1985 1961 2188 2046 singularem
2214 1965 2274 2030 ob·

541 2079 763 2144 servationem
786 2079 868 2140 circa
890 2077 1139 2162 dispositionem
1159 2093 1316 2140 vasorum
1337 2074 1505 2155 majorum
1523 2095 1714 2160 proponere,
1733 2096 1818 2159 quse
1838 2077 1925 2140 milri
1943 2081 2071 2162 propria
2092 2099 2159 2144 esse
2183 2081 2274 2144 vide·

541 2199 617 2276 tur',
639 2197 720 2260 culn
732 2197 937 2259 vemnculus
954 2199 1087 2259 sinister
1105 2193 1498 2264 aKvamneao.minime
1517 2209 1733 2276 perscrutatus
1755 2197 1868 2260 dexter
1887 2215 1966 2260 veru
1981 2210 2021 2262 et
2039 2199 2159 2262 atrium
2176 2198 2275 2280 buius

546 2319 655 2380 lateris
675 2333 745 2378 nnn
767 2314 841 2376 satis
865 2328 972 2378 essent
992 2327 1117 2398 aperta,
1139 2325 1177 2374 ut
1199 2331 1319 2376 eorum
1343 2311 1494 2374 cavitates
1519 2316 1697 2378 accuratius
1718 2315 1853 2398 perspici
1882 2315 2090 2396 potuissststsl,
2115 2318 2171 2384 De
2199 2317 2274 2390 reli-

549 2436 621 2518 quis
653 2431 751 2514 hujus
785 2430 873 2494 fetus
902 2421 1174 2496 abnormitatibus
1203 2431 1282 2494 haec
1311 2429 1425 2494 solum
1446 2429 1608 2510 adjiciam,
1632 2451 1715 2515 quse
1735 2431 1899 2494 sufficiant
1926 2431 1966 2495 ad
1994 2435 2274 2515 comparationem

550 2572 629 2616 cum
650 2551 814 2615 similibus
833 2551 1081 2614 instituendam.

637 2685 741 2748 Natus
762 2698 811 2749 est
837 2684 1057 2762 vratislsviae,
1084 2702 1172 2747 anno
1195 2680 1296 2764 hujus
1318 2680 1438 2746 saeculi
1460 2679 1589 2743 decimo
1614 2683 1756 2764 septimo
1775 2704 1793 2746 a
1820 2681 1966 2748 foemina
1989 2697 2077 2748 extra
2102 2687 2274 2750 matrimo-

550 2805 647 2870 nium
665 2799 804 2888 gravata,
825 2815 916 2866 sexto
938 2803 1063 2865 circiter
1084 2783 1280 2886 graviditstis
1301 2797 1437 2876 mense,
1465 2787 1708 2864 u'ti‘ssdisebalu'r
1714 2821 1725 2878 3
1745 2787 1992 2885 ¹procul-'dubio
2020 2815 2139 2866 esrum
2159 2801 2274 2883 majo·

551 2941 624 2986 rem
645 2919 713 3001 iam
735 2931 874 2985 aetatem
893 2921 1007 3005 attigit.
1039 2921 1160 2982 Delicit
1179 2937 1252 3003 pars
1274 2927 1394 3006 magna
1417 2919 1499 2982 ossis
1517 2921 1661 3004 occipitia
1680 2921 1824 3004 etcspiti
1843 2921 1880 2982 in
1898 2911 1961 2990 isbo
1979 2917 2052 2982 loco
2069 2933 2141 2987 tras
2161 2934 2274 2984 saecu·-

551 3041 576 3103 li
602 3024 707 3104 varlas
726 3036 908 3102 latitudinis
929 3021 1241 3121 superincumbens,
1264 3043 1408 3120 quorum
1430 3037 1497 3099 duo
1517 3025 1594 3101 c'ute
1614 3053 1748 3103 exrema
1770 3041 1888 3113 vestiti,
1923 3037 2037 3101 tertius
2062 3031 2148 3102 'vem'
2170 3042 2274 3102 mmi-

552 3177 631 3223 mus
652 3157 777 3222 cerebri
795 3157 1002 3220 membranis
1031 3155 1071 3218 ad
1096 3155 1193 3240 perles
1220 3171 1325 3237 usque
1350 3157 1611 3240 dependentibus
1640 3158 1831 3221 efformatus
1862 3167 1919 3222 est
1981 3157 2133 3221 Palatum
2160 3159 2275 3220 fissum

553 3276 741 3352 offenditur,
763 3275 903 3356 reliquae
925 3273 1017 3336 faciei
1039 3286 1144 3356 partes
1164 3285 1302 3336 naturae
1326 3277 1542 3338 conveniunt.
1604 3274 1734 3358 Corpus
1764 3297 1782 3340 s
1810 3275 1975 3339 claviculis
2005 3274 2045 3338 sd
2074 3276 2276 3340 umbilicum

552 3413 657 3480 usque
677 3395 763 3467 hiat-3
793 3391 873 3454 hinc
893 3411 950 3455 cor
970 3403 1065 3475 atque
1086 3390 1288 3474 omniafere
1316 3391 1501 3458 abdominis
1530 3395 1652 3458 viscera
1677 3395 1777 3461 effusa
1808 3409 1897 3458 sunt.
1938 3383 2138 3456 ‘Membrana
2167 3396 2274 3461 tenuis

553 3497 725 3586 subrubra,
746 3531 765 3574 a
786 3511 989 3595 marginibus
1011 3523 1284 3597 tegumentorum
1306 3511 1529 3575 deficientium
1552 3515 1700 3592 oriunda,
1721 3513 1851 3577 hiatum
1871 3533 1911 3576 ex
1924 3513 2068 3576 maxima
2081 3525 2171 3594 parta
2187 3513 2275 3575 clau·

554 3633 614 3711 dit,
633 3645 728 3712 atque
742 3627 898 3714 plurlhus
917 3627 1098 3694 visceribus
1120 3629 1310 3694 adnectitur.
1336 3613 1338 3620 ’
1357 3631 1467 3693 lienes
1489 3631 1555 3696 duo
1584 3649 1664 3695 cum
1688 3635 1828 3696 'renibus
1842 3658 1846 3671 ·
1858 3621 2159 3694 succenturiatiset
2176 3634 2275 3692 'testi

554 3753 635 3816 culis
658 3753 693 3812 in
714 3747 909 3826 abdomine,
935 3725 1039 3812 vesica
1055 3747 1201 3811 urinaria
1224 3749 1259 3808 in
1279 3731 1366 3832 pelei
1385 3748 1687 3832 deprehenduntur.
1721 3751 1904 3815 Funisulus
1924 3747 2121 3812 umbilicalls
2140 3751 2175 3810 in
2194 3749 2275 3810 sini·

552 3885 619 3935 stro
639 3869 745 3932 hiatus
760 3868 910 3952 margine
932 3868 1038 3930 cutim
1059 3866 1205 3952 attingit;
1227 3869 1361 3931 arteriae
1383 3870 1419 3931 in
1438 3869 1603 3935 abdomen
1628 3869 1843 3948 descendunt,
1863 3885 1947 3930 vens
1970 3877 2084 3928 autem
2105 3865 2272 3926 membra·

553 4007 627 4064 nse,
648 3987 776 4048 hiatum
792 3983 976 4049 occludenti
997 3983 1097 4048 adfixa
1118 3997 1151 4047 et
1171 4003 1267 4068 supra
1288 3986 1412 4050 lienem
1434 4001 1472 4049 ac'
1488 3988 1716 4049 ventriculum
1743 3980 1955 4047 transversim
1983 3977 2169 4054 decurrens,
2198 3995 2275 4060 pro·

554 4103 701 4168 iundiori
718 4103 925 4166 incisursein
945 4105 1092 4188 margine
1113 4081 1276 4184 superlore
1299 4105 1422 4185 hepatis
1444 4103 1609 4168 inseritur.
1651 4103 1750 4165 Arms
1772 4099 1953 4182 superiores
1973 4096 2057 4158 bene
2077 4097 2276 4160 conformati

553 4236 643 4297 sunt,
667 4223 703 4284 in
721 4219 931 4284 inferioribus
952 4240 1008 4304 pes
1030 4234 1166 4304 uterque
1189 4221 1371 4282 introrsum
1391 4231 1491 4302 atque
1507 4226 1644 4282 sursum
1661 4220 1852 4280 incurratur
1872 4217 2041 4300 reperitur.

607 4351 612 4356 ’
637 4359 703 4420 Cor
721 4355 829 4418 latum
850 4367 884 4416 et
905 4354 1162 4436 complanatum,
1183 4351 1361 4437 pericardiu
1380 4369 1511 4433 prorsus
1533 4352 1739 4432 destitutum,
1759 4352 1954 4418 horizontsli
1972 4351 2038 4410 situ
2051 4355 2139 4407 extra
2159 4359 2273 4428 pectus

553 4473 749 4564 propendet;
770 4491 888 4536 mucro
908 4487 1098 4538 antrorsum
1114 4489 1230 4534 sersus
1247 4469 1420 4532 sinistrum
1440 4469 1542 4548 latus,
1571 4471 1656 4538 basis
1677 4477 1885 4540 dextrorsum
1908 4467 1947 4528 sd
1970 4463 2057 4525 dorsi
2077 4453 2274 4527 columnaria

554 4605 685 4679 spectat.
725 4593 879 4657 Auricula
907 4589 1016 4656 dextra
1041 4607 1234 4675 permagna,
1263 4589 1356 4670 (Tab.
1375 4591 1426 4654 vt.
1448 4592 1497 4679 fig.
1520 4615 1534 4658 s
1559 4593 1597 4674 d)
1626 4595 1752 4656 sinistra
1777 4587 1863 4666 iusto
1888 4582 2017 4660 minor,
2042 4585 2207 4669 margines
2236 4587 2273 4644 in

553 4726 692 4795 utraque
719 4711 836 4775 laeves.
877 4709 1038 4776 Foramen
1065 4709 1156 4775 ovale
1188 4711 1263 4774 satis
1287 4727 1456 4797 magnum
1493 4711 1530 4773 in
1567 4709 1648 4769 strio
1674 4705 1804 4766 sinistro
1831 4702 1959 4766 vulvula
1987 4703 2188 4766 instructum
2215 4716 2274 4766 est.

540 4831 690 4897 ‘Atrium
718 4831 872 4894 dextrum
901 4831 934 4910 (e
963 4830 997 4908 e)
1035 4843 1159 4913 praeter
1191 4849 1342 4892 cavarum
1368 4841 1530 4890 venarum
1553 4835 1708 4899 truncos,
1739 4821 1875 4885 tertium
1899 4821 2005 4885 adhuc
2033 4824 2164 4905 recipit;
2190 4839 2274 4882 vens

539 4951 675 5015 ‘scilicet
687 4949 846 5036 'iugulatis
867 4947 995 5011 sinistra
1017 4949 1208 5012 communis
1231 4963 1310 5007 curu
1331 4941 1493 5005 subclavis
1507 4940 1691 5022 conjuncta,
1711 4961 1782 5006 non
1795 4939 1837 5004 ad
1855 4959 1969 5006 cavam
1983 4943 2185 5027 superiorem
2200 4955 2272 5021 pro·

538 5071 708 5156 'greditur‚
727 5069 784 5133 sed
805 5069 840 5130 ln
861 5067 960 5132 latere
978 5067 1110 5131 sinistro
1130 5063 1301 5144 separatim
1324 5059 1532 5135 descendens,
1552 5062 1604 5145 (p)
1625 5063 1712 5126 iuter
1732 5061 1854 5126 atrium
1867 5073 1962 5144 atque
1983 5059 2208 5127 ventriculum
2228 5057 2273 5119 si·

551 5190 708 5251 nistrum'
725 5187 917 5262 decurrens,
937 5181 1091 5266 peculiari
1111 5179 1264 5264 ostlo'(g)
1281 5177 1371 5243 inira
1392 5177 1541 5244 loramsn
1570 5181 1662 5246 orale
1679 5183 1714 5246 in
1735 5181 1858 5246 atrium
1879 5181 2034 5246 dextrum
2058 5177 2135 5242 hiat.
2171 5175 2273 5240 Aorts
