5064 6286
1940 739 1992 832 51

274 939 374 1006 aniea
392 938 558 1024 duplicem
575 935 742 1024 'originem
767 948 810 1000 eat
824 943 973 1016 utroque
996 933 1179 1000 ventriculo
1198 932 1306 1017 ducit;
1331 933 1562 1018 pulmonalem
1583 935 1737 1003 arteriam
1764 935 1877 1002 dexter
1906 939 1995 1004 uolua

273 1063 406 1128 emittiu
434 1059 578 1122 noema
602 1056 776 1122 auuioem
801 1053 897 1138 piane
920 1053 1127 1119 derideretur.
1165 1055 1243 1120 Pare
1261 1065 1367 1120 nortae
1388 1053 1587 1128 adscendent
1605 1055 1694 1134 iuetc
1713 1055 1860 1140 longior,
1887 1057 1995 1122 icrean
2112 1041 2115 1050 Α

275 1171 318 1244 o'h
340 1178 446 1245 cordia
463 1178 570 1242 ritum
592 1176 808 1248 abnormemt
826 1193 867 1238 ex
885 1191 961 1240 arcu
981 1172 1069 1240 eoliti
1090 1172 1175 1238 remi
1193 1173 1451 1255 proficiscuntur·
1473 1205 1514 1220 ·-
1540 1173 1692 1255 Thyrum
1720 1175 1767 1255 (t)
1794 1187 1842 1238 eat
1869 1195 1993 1262 magna.

272 1298 392 1364 Pulmo
414 1297 525 1360 dexter
544 1295 580 1358 in
594 1305 732 1378 quatuor
752 1291 857 1369 loboe,
876 1293 1006 1358 ainieter
1023 1309 1081 1374 per
1100 1290 1345 1376 longitudinem
1366 1292 1402 1356 in
1424 1289 1505 1354 duee
1526 1291 1739 1356 eolummodo
1754 1293 1991 1385 teretiuaeuloa‚

273 1415 384 1481 media
406 1428 496 1498 parte
520 1413 583 1478 eibi
603 1410 813 1476 adhaerentes
830 1411 964 1474 diviaue.
1005 1409 1164 1476 scurnum
1184 1421 1402 1492 peromnem
1423 1409 1668 1496 longitudinem
1690 1411 1828 1490 fretum,
1854 1411 1889 1474 in
1914 1412 1991 1474 eini·

272 1547 340 1599 etro
352 1535 451 1598 latere
472 1531 542 1596 iere
561 1529 708 1606 nullum5
731 1541 895 1594 certarum
915 1527 1114 1614 cartilaginea
1130 1527 1280 1614 margine
1297 1529 1477 1617 angueticri
1497 1529 1585 1594 inter
1607 1547 1641 1596 ee
1663 1530 1809 1596 invicem
1824 1542 1991 1595 cennatae.

1001 1823 1006 1832 ·
1067 1807 1098 1894 i·
1138 1817 1191 1891 to.

354 1987 404 2050 De
424 1977 538 2069 Quarto
563 1983 633 2047 fetu
649 1991 846 2059 monotroao,
866 1994 993 2064 praeter
1012 1980 1143 2044 habitur
1165 1980 1292 2046 externi
1317 1979 1570 2065 deecriptionetu
1598 2000 1717 2067 prtum
1746 1981 1871 2058 haheo,
1903 1979 1990 2064 quod

270 2123 417 2172 enarrare
439 2105 574 2188 poeeim.
619 2100 709 2166 Cum
731 2101 824 2164 enim
843 2100 879 2162 in
899 2097 1032 2162 fortiore
1051 2097 1196 2163 alcohole
1216 2109 1363 2162 eervatue
1384 2101 1437 2179 eit,
1456 2112 1546 2164 tanta
1567 2101 1643 2164 inde
1665 2101 1808 2186 partium
1830 2119 1991 2184 quarum.

268 2223 348 2290 datu
369 2224 503 2288 duritiae
526 2232 623 2302 atque
642 2219 785 2306 rigiditae
803 2229 912 2283 exorta
934 2230 992 2300 eet,
1014 2229 1053 2278 ut
1071 2218 1259 2282 accuratiori
1280 2219 1526 2300 perecrutationi
1549 2219 1719 2282 reeieteret.

353 2343 543 2406 Monetrum
566 2337 638 2416 hoc,
663 2353 823 2402 monente
843 2337 1010 2402 Wacrano
1033 2336 1076 2415 ²),
1102 2337 1158 2420 qui
1183 2307 1322 2400 breuem
1349 2337 1420 2418 ejua
1441 2335 1693 2420 descriptionem
1715 2333 1875 2412 exhibuit,
1893 2335 1991 2396 novi·

269 2473 390 2524 mettre
412 2474 459 2522 eet
486 2471 581 2538 atque
602 2475 698 2520 texor
719 2457 887 2538 aequioria.
929 2454 1115 2544 Longitudo
1136 2440 1294 2520 avertice
1318 2453 1357 2519 ad
1379 2467 1469 2519 uatee
1506 2471 1526 2534 7
1556 2455 1659 2540 poll.,.
1689 2454 1727 2518 rd
1760 2454 1885 2518 calcem
1912 2469 1990 2515 vero

265 2577 359 2662 pedit
378 2576 482 2642 dextri
508 2590 549 2638 aa
574 2576 652 2660 poll.
680 2575 773 2658 paria.
801 2569 917 2654 expiec
960 2570 1065 2654 Caput
1086 2573 1125 2634 ad
1145 2583 1297 2637 naturam
1322 2591 1453 2657 proreut
1474 2571 1658 2639 formatum
1680 2585 1745 2650 eet,
1770 2585 1906 2634 truncue
1932 2590 1991 2632 au·
2053 2643 2063 2654 g

266 2697 510 2770 temivtttosun
533 2695 627 2775 tpina
645 2691 777 2757 dorealie
799 2691 880 2752 circa
896 2689 1067 2776 regionem
1088 2691 1312 2754 vertebrarum
1341 2692 1549 2756 lumbarium
1576 2695 1804 2757 ainistroraum
1833 2701 1991 2764 contorta,

264 2817 308 2880 ita
320 2828 360 2878 ut
373 2813 517 2898 epatium
530 2813 616 2874 inter
630 2810 760 2874 foveam
775 2805 942 2872 axillarem
963 2821 1057 2889 atque
1078 2809 1210 2870 cristam
1232 2808 1287 2871 ilei
1308 2809 1344 2870 in
1358 2809 1420 2874 hoc
1441 2809 1539 2874 latere
1551 2811 1684 2874 brevius
1706 2809 1889 2874 offendatur
1903 2827 1940 2869 ac
1953 2808 1989 2866 in

265 2935 377 3008 altero,
399 2945 431 2997 et
450 2950 486 2994 οι
509 2931 614 2994 ileum
634 2929 789 2992 dextrum
807 2924 1062 3007 profundiorem
1083 2925 1196 2990 locum
1217 2939 1325 2990 teneat
1347 2927 1487 2990 ainietro.
1531 2930 1727 2992 Extremitaa
1746 2927 1891 3010 auperior
1912 2924 1990 2988 eini-

265 3065 328 3116 etra
344 3053 435 3126 *bene
458 3050 660 3112 coniormata
681 3059 745 3114 eet:
764 3044 872 3107 dextra
894 3045 987 3125 (Tab.
1006 3043 1041 3106 V.
1065 3043 1103 3124 a).
1120 3063 1137 3108 e
1158 3057 1287 3128 pectore
1307 3043 1502 3108 descendere
1521 3046 1666 3120 videtur;
1686 3047 1849 3108 humerue
1866 3043 1990 3104 deside·

264 3181 371 3244 ratur,
400 3166 642 3231 antihrachium
662 3163 840 3246 parvulum
860 3175 958 3244 atque
977 3175 1093 3242 tenue,
1128 3163 1289 3228 musculis
1318 3163 1532 3226 solummodo
1554 3177 1585 3226 et
1607 3178 1682 3228 oute
1702 3165 1738 3226 in
1758 3162 1870 3226 dextro
1892 3175 1989 3244 atque

264 3285 428 3370 auperiore
449 3285 587 3366 pectorie
613 3295 702 3366 parte
723 3281 889 3357 adfixum
930 3281 1099 3345 deficiente
1127 3282 1243 3366 pollice
1272 3301 1392 3344 manue
1413 3295 1555 3368 quatuor
1580 3284 1711 3348 tantum
1740 3282 1837 3346 habet
1862 3281 1988 3364 digitos.

263 3404 351 3470 lnfra
372 3403 456 3466 hanc
482 3403 724 3466 extremitatem
751 3412 972 3464 monetrotam
993 3401 1106 3464 thorax
1129 3402 1222 3464 heatae
1240 3399 1436 3479 offenditur3
1465 3402 1573 3464 hiatur
1601 3419 1659 3484 per
1683 3399 1870 3464 abdominie
1895 3411 1987 3482 regu·

262 3534 377 3588 menta
403 3522 635 3602 mucculoeque
661 3531 866 3602 protractue,
887 3518 973 3581 circa
999 3519 1227 3582 umbilicalem
1261 3520 1432 3604 regionem
1459 3519 1675 3595 terminatur,
1705 3518 1861 3582 inferiore
1896 3529 1986 3596 parte

264 3653 396 3722 excepta
424 3637 615 3718 ubicunque
639 3637 834 3700 membrana
860 3637 1066 3718 praecluent,
1085 3655 1214 3720 guaer
1243 3651 1317 3699 cute
1337 3653 1468 3702 externe
1496 3639 1575 3700 oriri
1601 3636 1731 3699 videtur
1757 3648 1790 3700 et
1819 3630 1988 3714 complura

264 3761 428 3824 virectum
451 3751 729 3838 propendentium
749 3753 893 3814 obducit·
943 3755 1146 3838 lneupretna
1166 3755 1276 3818 hiatue
1293 3769 1381 3837 parte
1397 3774 1514 3818 mucro
1536 3753 1639 3818 cordia
1658 3755 1709 3828 (b)
1728 3753 1913 3837 prominet,
1934 3749 1988 3812 cui

262 3881 362 3963 heprr
394 3875 438 3954 (e
461 3875 535 3952 cc)
561 3871 775 3934 transversim
800 3869 1002 3948 trejectum
1041 3871 1245 3960 ventriculus
1275 3887 1385 3936 vretue
1405 3875 1456 3952 (d)
1486 3873 1569 3935 infre
1605 3871 1704 3954 hepar
1731 3891 1771 3933 ex
1789 3841 1986 3932 'tranaverao

262 4001 362 4072 citur,
384 4013 463 4058 curu
484 3991 571 4054 liene
593 3991 642 4068 (e)
662 3991 782 4052 intime
803 3987 946 4052 coelitua.
989 3991 1143 4052 lnteatina
1164 4008 1272 4072 neque
1293 3992 1461 4072 peritoneo
1483 3991 1537 4053 vel
1558 3990 1702 4052 omentie
1721 3989 1857 4064 obtecta,
1878 4005 1987 4068 neque

262 4114 461 4182 merenterto
483 4099 568 4172 inter
588 4125 623 4170 ee
642 4109 787 4170 invicem
807 4105 983 4186 conjuncta
1001 4104 1103 4171 libera
1120 4108 1335 4191 propendent.
1378 4105 1646 4188 Duodepuar'ff)
1668 4117 1702 4172 et
1718 4105 1933 4190 jeitmum·(g
1949 4105 1986 4192 g)

202 4215 212 4224 ⁸
263 4231 389 4318 ingenti
408 4227 579 4290 latitudine
601 4227 780 4302 excellunt,
795 4243 877 4308 quae
900 4239 1014 4286 tamen
1035 4243 1148 4288 veraua
1167 4226 1272 4288 ileum
1294 4228 1419 4289 aenaim
1439 4228 1630 4308 eernimque
1642 4225 1860 4298 diminuitur,
1882 4224 1926 4286 ita
1948 4237 1986 4288 ut

263 4353 385 4427 ileum,
406 4347 445 4431 (h
467 4345 550 4424 hh)
571 4342 719 4406 cochleae
738 4343 842 4406 inetur
861 4357 1051 4408 contortum
1067 4343 1131 4406 mo
1150 4345 1253 4408 finem
1272 4345 1388 4408 calami
1406 4345 1567 4426 ecriptorii
1587 4339 1839 4412 craaeiurdiuem
1858 4342 1986 4407 retent.

261 4471 420 4538 lnteetino
448 4483 545 4528 coeco
572 4477 739 4546 proceeeue
761 4460 986 4524 vermiformie
1005 4459 1165 4528 adhaeret.
1208 4461 1314 4528 colon
1336 4462 1398 4524 tela
1419 4461 1571 4524 celluloea
1591 4459 1890 4540 ventriculoacque
1915 4461 1988 4523 reni

261 4589 392 4650 einiatro
411 4583 592 4658 adnexum,
613 4579 864 4642 crassitudinem
886 4595 1013 4660 pennae
1031 4582 1181 4644 corvinae
1200 4584 1258 4644 vix
1276 4583 1425 4664 ruperat,
1457 4583 1492 4642 in
1512 4578 1677 4642 abdomen
1695 4575 1831 4643 tandem
1850 4577 1985 4652 deccan-

261 4707 308 4768 dit
329 4721 408 4769 cunr
431 4703 588 4765 intertino
607 4713 696 4761 recto
716 4699 892 4760 culturum.
936 4695 1094 4758 Panereae
1113 4699 1297 4761 ventrimlo
1319 4701 1520 4762 eeiuteetino
1537 4713 1642 4760 craeao
1661 4695 1888 4776 interiectum„
1909 4697 1985 4768 lien

261 4827 374 4886 dexter
397 4833 535 4883 externe
562 4817 760 4901 conspicitur
785 4816 869 4878 infre
899 4815 1165 4898 hepartporituag
1189 4815 1326 4880 eiuietee
1344 4817 1509 4880 inteatin‘ie
1544 4813 1655 4880 effueia
1687 4814 1987 4892 reconditueltent

260 4925 477 5007 meeumbit.'
499 4937 616 5002 oraria
638 4947 671 4998 et
691 4935 787 5000 ttahae
815 4933 949 5018 Fallopii
968 4934 1103 4998 retribue
1123 4933 1253 5000 adfixae·
1292 4933 1388 5001 Anut
1417 4949 1566 5022 apertue;
1592 4941 1667 5000 elea
1691 4933 1790 5018 palie
1815 4933 1985 5023 cymphyei

260 5059 454 5142 conjunctag
481 5069 590 5138 panea
603 5055 758 5140 genitale·
774 5065 931 5124 ,externae
952 5053 1128 5142 legitimae.

262 5209 734 5239 Μ

301 5279 442 5388 7¹):Mut
463 5312 607 5368 anatomic.
626 5311 656 5367 Ρ.
676 5312 699 5370 1.
718 5332 770 5388 pag
796 5321 857 5380 225.
876 5319 933 5377 Nc.
948 5335 1025 5396 ²99¹·
