5064 6286
735 965 1510 1059 ”onuosecvunvs

282 1099 798 1262 ..ECTOPIA
884 1107 1252 1259 Connt's
1340 1140 1939 1278 vu'NTuabts.

334 1381 459 1452 Genus
479 1375 657 1474 primum.
709 1372 868 1470 Ectopia
890 1373 1010 1446 cordis
1035 1375 1210 1484 centralis
1232 1397 1314 1448 cum
1338 1375 1454 1448 sterni
1472 1392 1506 1450 et
1519 1392 1706 1454 costarum
1738 1378 1962 1486 irrtegritote.

656 1543 687 1599 .’
716 1570 721 1600 ¹
807 1553 956 1639 *Species
982 1557 1098 1640 prims.
1136 1554 1175 1618 E.
1198 1545 1349 1620 verrariis
1372 1547 1467 1622 nadal
1515 1547 1530 1580 '⁹

1088 1863 1120 1946 s·
1158 1857 1216 1944 ssi

369 2065 443 2134 Huc
471 2067 637 2152 pertinent
664 2067 909 2132 observationes
938 2065 1146 2130 Procurrere
1168 2077 1200 2128 et
1227 2064 1389 2136 Heroum.
1429 2064 1483 2130 De
1513 2061 1601 2144 fetu,
1633 2069 1725 2148 culus
1754 2063 2012 2155 descriptionem

283 2185 471 2252 Pnocuasrta
494 2191 525 2260 ¹)
548 2165 706 2266 exhibuit‚
727 2187 811 2250 nihil
833 2200 968 2260 constat.
990 2199 1107 2248 utrum
1129 2185 1225 2247 vivus
1247 2205 1288 2246 an
1308 2200 1461 2248 mortuus
1478 2185 1514 2246 in
1535 2184 1644 2249 lucem
1659 2185 1823 2267 prodierit,
1849 2209 1956 2272 neque
1971 2189 2012 2256 ds

287 2307 443 2386 opinabili
472 2305 542 2386 ejus
579 2321 680 2370 aetate
723 2309 780 2372 Vir
805 2306 859 2368 ille
884 2304 1082 2370 clarissimus
1114 2304 1293 2388 quidquam
1315 2303 1490 2365 adnotavit.
1534 2303 1643 2366 Effusa
1672 2317 1784 2368 autem
1811 2307 1927 2370 hahuit
1955 2328 2012 2391 per

285 2407 447 2487 hiatum'a
462 2427 559 2489 latere
575 2416 704 2490 sinistro
720 2424 914 2509 cartilaginis
929 2423 1364 2505 mucronataeincipieutem'
1374 2437 1405 2484 et
1417 2425 1453 2484 in
1469 2423 1629 2484 umbilico
1640 2423 1868 2502 terminatum,
1882 2445 2010 2490 noneo-

284 2525 359 2604 lum
380 2541 533 2626 pleraque
546 2537 743 2634 abdominis,
758 2531 876 2634 verum
893 2544 993 2605 etiam
1005 2541 1145 2604 thoracis
1157 2545 1289 2604 viscera.
1333 2546 1371 2606 ln
1383 2563 1536 2626 suprema
1558 2543 1647 2605 illius
1662 2544 1869 2626 lsiatusparts
1882 2547 2009 2628 promi·

284 2653 361 2722 b'utr
378 2676 485 2723 totum
501 2682 565 2735 cor,
578 2647 756 2744 pericardio
774 2630 955 2739 inclusum,
971 2674 1003 2722 et
1025 2678 1147 2722 cornua
1164 2661 1271 2740 thymi
1287 2682 1365 2724 cum
1388 2661 1475 2743 apice
1488 2661 1554 2726 lobi
1571 2661 1856 2746 infimipulmonis
1868 2665 2010 2742 sinistri3

285 2777 492 2865 diaphragma
503 2781 596 2842 enim
618 2773 658 2844 sb
674 2771 770 2844 nexu
783 2799 844 2842 suo
865 2799 944 2842 cum
966 2797 1117 2861 processu
1139 2779 1313 2860 xiphoideo
1327 2793 1358 2840 et
1373 2779 1614 2864 cartilaginibus
1629 2764 1797 2844 costarum
1811 2783 1962 2846 solutum
1978 2795 2011 2845 et

289 2895 447 2960 deorsum
467 2898 664 2982 depressum
686 2912 765 2973 erat,
788 2901 830 2959 ita
854 2912 891 2959 ut
910 2900 1054 2984 partibus
1074 2897 1245 2960 antedictis
1267 2893 1395 2959 e'xitum
1415 2917 1433 2960 s
1457 2899 1585 2963 thorace
1602 2899 1801 2964 concederet.
1843 2901 1930 2965 infra
1952 2920 2008 2964 cor

284 3018 396 3080 nudus
425 3032 647 3080 extrsusverso
676 3019 801 3100 positus
833 3032 900 3080 erat
922 3017 1145 3090 ventriculus,
1175 3017 1269 3095 cujus
1298 3018 1380 3100 parti
1402 3019 1548 3079 sinistrae
1571 3011 1810 3097 lien,'dextrae
1832 3039 1910 3082 vero
1925 3018 2010 3084 'ma-

285 3113 680 3220 gnumaricubuit'hepar,
697 3139 890 3198 membrana
899 3139 989 3198 tenui
1006 3135 1174 3218 peritoneo
1189 3149 1221 3197 et
1236 3137 1437 3220 tegumentis
1447 3137 1894 3214 communibuscontin'usta,
1904 3137 2009 3200 inclu-

285 3257 365 3334 σι’).
394 3256 502 3318 Lobus
516 3255 638 3338 hepatis
654 3257 796 3327 sinister,
818 3255 874 3336 qui
894 3255 948 3315 hic
966 3255 1113 3336 superior
1131 3266 1189 3330 est,
1211 3253 1322 3318 dextro
1343 3253 1447 3333 maior
1463 3268 1547 3331 erat;
1568 3255 1655 3316 inter
1668 3268 1850 3339 utrumque
1867 3277 1962 3338 parva
1978 3269 2011 3319 et

285 3375 392 3440 inanis
411 3375 509 3454 jacuit
531 3375 671 3437 vesicula
696 3373 806 3448 follem
829 3371 962 3456 Spigelii
983 3371 1079 3434 lohus
1102 3373 1163 3434 sub
1191 3371 1303 3454 pyloro
1325 3361 1543 3453 prominebat.
1586 3371 1673 3435 iufra
1696 3376 1922 3438 ventriculum
1945 3375 2010 3460 glo·

285 3492 360 3558 incr
382 3495 555 3556 nudorum
577 3495 809 3556 intestinorum
832 3491 987 3553 tenuium
1015 3491 1300 3584 conspiciebatur„
1318 3493 1438 3576 quibus
1460 3488 1635 3556 s'sinistris
1657 3463 1815 3556 adcubuit
1833 3479 2012 3578 sigrrroidea

286 3613 349 3674 coli
375 3608 494 3674 ilexurs
519 3625 551 3674 et
572 3633 589 3673 a
613 3611 890 3674 dextris'co'ecum
909 3612 1107 3673 intestinum
1130 3626 1208 3672 cum
1228 3629 1381 3693 processu
1400 3611 1611 3674 vermiformi
1631 3599 1780 3680 et'colon
1802 3597 2010 3680 adscendens.

286 3727 466 3792 Funiculus
489 3730 684 3794 umbilicalis
704 3750 744 3792 ex
762 3731 861 3792 latere
882 3729 978 3792 lienis
1000 3729 1231 3814 propendentis
1252 3729 1381 3793 sinistro
1403 3733 1440 3792 in
1474 3729 1675 3793 umbilicum
1704 3729 1927 3807 inserebatur,
1948 3749 2011 3792 urr-

286 3835 326 3911 ¹tle
345 3851 477 3912 arteriae
494 3851 530 3910 in
550 3835 727 3912 ahdomem
745 3861 943 3909 consuetum
964 3849 1027 3909 iter
1046 3849 1204 3924 inierunt,
1232 3867 1316 3908 vena
1338 3863 1451 3909 autem
1471 3843 1532 3909 sub
1551 3818 1699 3932 glomere
1717 3848 1954 3910 intestinorum
1974 3851 2011 3910 in

285 3963 369 4030 latus
387 3965 542 4031 dextrum
564 3967 740 4046 transiens,
763 3968 845 4048 parti
864 3965 1033 4047 posteriori
1056 3978 1088 4028 et
1106 3983 1269 4027 convexae
1291 3965 1414 4046 hepatis
1437 3966 1649 4040 inserebatur,
1669 3966 1740 4028 loco
1763 3966 1832 4027 sedi
1852 3967 2012 4030 vesiculae

287 4083 400 4148 lettere
422 4086 578 4170 opposito.
622 4085 733 4149 Cranii
754 4098 820 4147 tots
842 4103 913 4166 pars
936 4083 1082 4165 superior
1104 4103 1169 4146 uns
1191 4103 1270 4145 cum
1293 4073 1495 4167 tegumentis
1517 4081 1699 4159 deficiebat3
1742 4101 1859 4168 parum
1881 4049 2013 4146 tantum

286 4204 370 4266 cutis
389 4203 423 4264 in
446 4199 552 4266 fronte
574 4205 734 4286 superfuit
756 4215 788 4266 et
809 4203 913 4285 aliqua
936 4219 1007 4284 pars
1029 4203 1111 4263 cutis
1135 4202 1317 4282 capillatae¹
1339 4221 1420 4281 quae
1439 4199 1553 4285 plicata
1580 4220 1678 4284 super
1706 4221 1820 4264 aurem
1844 4174 2012 4266 sinistram

288 4323 437 4386 reclinata
459 4321 530 4384 fuit.
571 4321 786 4384 Deficientem
807 4321 908 4384 cranii
929 4333 1056 4404 partem
1079 4321 1204 4404 tegebat
1227 4317 1419 4381 membrana
1442 4321 1562 4396 tenuis,
1585 4319 1652 4380 cuti
1672 4319 1833 4401 capillatae
1856 4302 2012 4383 continua

287 4452 321 4503 et
343 4459 421 4502 cum
442 4441 523 4504 dura
545 4453 649 4502 matre
671 4439 843 4502 cohaerens
851 4460 860 4514 ς
890 4439 924 4500 in
950 4440 1081 4501 sinistro
1108 4453 1220 4502 sutem
1240 4439 1337 4500 latere
1366 4437 1487 4500 orificio
1517 4437 1626 4518 amplo
1656 4450 1807 4520 perrupta
1835 4435 1944 4500 hiabat
1974 4449 2011 4501 ut

288 4557 413 4621 ibidem
434 4559 470 4621 in
484 4579 603 4621 cavum
616 4559 729 4633 cranii,
751 4557 882 4620 cerebro
895 4567 927 4617 et
946 4557 1103 4616 cerebello
1119 4576 1261 4618 vacuum
1281 4571 1313 4619 et
1331 4555 1417 4636 justo
1432 4557 1546 4618 minus
1559 4555 1768 4638 introspicere
1781 4553 1899 4621 liceret.
1935 4557 2012 4620 Pin·

287 4697 331 4740 na
352 4679 421 4739 nasi
440 4679 566 4742 sinistra
587 4698 627 4741 err
650 4690 739 4761 parte
762 4673 884 4755 defuit,
905 4674 1027 4756 reliqua
1048 4685 1138 4752 parte
1161 4693 1294 4736 sursum
1316 4675 1469 4738 reclinata
1490 4688 1636 4756 apertura
1658 4673 1774 4735 nasalis
1793 4673 1874 4736 adeo
1904 4675 2010 4739 dilata-

290 4802 321 4856 ta
335 4805 414 4871 erat,
429 4811 468 4858 ιιι
490 4817 525 4860 os
546 4799 761 4884 spongiosum
775 4793 934 4860 infimum
956 4791 1096 4880 conspici
1118 4805 1243 4876 posset:
1262 4791 1349 4854 oculi
1370 4794 1521 4857 multum
1542 4791 1802 4877 protuberabant.
1849 4793 1886 4856 lu
1907 4813 2012 4858 manu

365 5055 395 5122 ί)
414 5053 612 5114 Adnotationes
630 5059 806 5116 academicae.
828 5061 902 5115 Fare.
921 5059 972 5114 111.
991 5057 1091 5132 Pragae
1110 5064 1187 5132 1782.
1203 5077 1230 5132 p.
1253 5075 1311 5130 ¹7²·
1332 5057 1404 5114 Tah.
1423 5057 1461 5112 11.
1481 5055 1533 5114 Ill.

357 5171 389 5250 2)
411 5174 584 5229 l‘eritoueurn
604 5193 713 5248 prorsus
733 5177 869 5242 dalecisre,
888 5196 920 5232 rx
942 5178 1044 5250 adjecta
1064 5175 1151 5250 figure
1167 5187 1257 5252 patetq
1279 5177 1437 5232 membrana
1454 5177 1543 5248 igitur,
1561 5172 1595 5229 de
1613 5191 1666 5250 qus
1685 5189 1773 5231 sermo
1793 5185 1842 5243 est,
1861 5187 1949 5234 acute
1966 5193 2011 5234 so·

410 5267 553 5324 lummodo
574 5281 684 5324 esterna
707 5270 842 5344 proficisci
863 5251 1031 5346 poterat..-

1389 5378 1457 5440 Ea
