5064 6286
1956 761 2014 856 27

372 929 482 996 Cranii
500 928 672 996 cavitatem
694 927 782 1011 iusto
808 932 1031 1017 angustiorem
1049 949 1168 1012 asae,e
1192 929 1456 996 conformatione
1476 932 1602 996 ossium
1622 933 1724 1000 modo
1745 935 1902 1021 descripta
1919 935 2015 1001 lucu·

290 1051 395 1114 lenter
413 1063 510 1132 patet.
552 1049 768 1114 Perscrutatio
793 1051 892 1131 hujus
912 1053 1056 1116 caritatis
1077 1053 1207 1116 interna
1234 1055 1353 1116 omissa
1376 1053 1458 1130 iuit,
1482 1069 1551 1114 non
1575 1053 1687 1114 solum
1709 1054 1752 1118 ob
1773 1057 1917 1139 partiam
1934 1075 2014 1120 con·

290 1171 500 1232 stituentiurn
524 1169 744 1254 integritatem
765 1171 970 1248 servandam,
991 1191 1111 1236 verum
1133 1171 1233 1234 etiam
1253 1189 1289 1232 ea
1308 1169 1348 1233 de
1371 1190 1499 1248 caussa,
1528 1170 1615 1252 quod
1635 1172 1757 1235 cerebri
1776 1174 1922 1236 maxima
1942 1193 2013 1257 pars

288 1288 424 1370 jamjam
447 1285 620 1366 effluxerit,
640 1287 781 1370 reliquae
803 1308 883 1352 vero
902 1289 1000 1372 partis
1019 1289 1188 1353 dissolutio
1209 1289 1398 1352 accuratiori
1419 1289 1621 1374 indagationi
1639 1292 1752 1374 magni
1774 1291 1887 1354 fuisset
1905 1294 2013 1376 impe·

290 1407 442 1469 alimenti.
484 1405 605 1470 Pariter
627 1423 696 1468 non
718 1407 841 1484 babeo,
867 1409 953 1492 quod
982 1407 1131 1490 adjiciam
1156 1409 1197 1472 de
1223 1427 1313 1471 nexu
1344 1409 1424 1471 ossis
1445 1407 1636 1490 spitenoidei
1665 1427 1744 1471 cum
1773 1411 1886 1472 ceteris
1914 1411 2014 1472 cranii

289 1515 419 1588 ossibus
425 1545 435 1600 ;
454 1541 530 1588 eam
549 1526 616 1588 alae
635 1526 768 1604 majoris
788 1539 936 1608 partem,
964 1547 1047 1608 quae
1072 1528 1200 1593 ossibus
1229 1541 1420 1610 temporum
1453 1539 1548 1608 atque
1570 1525 1685 1588 frontis
1706 1528 1894 1608 interposita
1914 1540 1964 1588 est
1981 1527 2014 1589 ei

287 1646 450 1731 angulum
472 1645 673 1708 anteriorem
694 1656 726 1706 et
741 1641 937 1708 inferiorem
956 1647 1035 1710 ossis
1056 1649 1184 1732 parietis
1202 1662 1313 1730 petere
1334 1645 1428 1721 solet,
1449 1644 1522 1706 loco
1541 1657 1697 1707 consueto
1713 1645 1828 1726 reperi.
1858 1644 2015 1708 Ceterum

288 1763 453 1844 ejusmodi
481 1765 580 1848 capita
601 1773 787 1824 monstrosa
806 1763 845 1824 ad
872 1764 995 1829 rariora
1013 1765 1159 1828 minime
1179 1762 1348 1828 referenda
1370 1774 1448 1826 sunt
1473 1775 1507 1824 et
1535 1760 1752 1824 similitudine
1777 1774 1943 1844 tantopere
1963 1762 2011 1822 in·

289 1893 338 1946 ter
356 1902 390 1946 ae
413 1883 626 1956 conveniunt,
647 1891 686 1942 ut
706 1879 851 1942 absoluta
873 1880 973 1960 hujus
1002 1883 1220 1966 descriptione
1252 1902 1290 1945 eo
1314 1879 1482 1944 lubentius
1502 1879 1665 1942 abstinere
1687 1881 1861 1964 possimus.
1880 1911 1921 1926 -·
1944 1881 2013 1945 Ma·

287 2001 363 2063 xilla
385 2000 518 2062 inferior
543 1999 627 2062 bene
648 1997 849 2064 conformata
869 2013 926 2062 est.

373 2119 485 2182 Nestus
507 2119 592 2180 inter
612 2130 707 2199 caput
729 2130 763 2180 et
783 2117 869 2180 dorsi
888 2119 1083 2183 columnam
1105 2120 1147 2182 ob
1177 2119 1281 2182 situm
1307 2129 1455 2181 erectum
1475 2115 1627 2200 'partium
1654 2113 1946 2195 condyloidaarum
1967 2131 2013 2178 os·

288 2238 332 2301 air
355 2237 497 2320 occipitia
515 2235 602 2316 justo
622 2235 725 2298 laxior
748 2251 814 2312 eat3
835 2251 938 2318 partes
960 2237 1055 2316 duae,
1075 2239 1194 2322 quibus
1212 2255 1304 2300 arcus
1325 2237 1482 2321 posterior
1500 2234 1627 2298 atlantis
1655 2234 1880 2316 componitur,
1909 2233 1948 2296 ad
1971 2233 2011 2296 li·

290 2375 390 2421 neam
417 2373 520 2418 unam
541 2365 635 2434 atque
656 2352 830 2416 dimidiam
851 2357 961 2436 hiant,
989 2357 1168 2444 ligamento
1190 2369 1303 2422 tamen
1326 2357 1387 2420 sibi
1409 2355 1554 2418 invicem
1575 2351 1767 2434 conjunctae
1794 2364 1881 2412 sunt.
1924 2352 2012 2414 Reli·

291 2477 348 2558 qui
368 2473 593 2536 vertebrarum
612 2491 703 2536 arcus
725 2473 880 2536 nondum
899 2471 1017 2546 coaliti,
1039 2479 1172 2558 propius
1192 2476 1415 2540 nihilominus
1437 2473 1500 2537 sibi
1521 2471 1736 2536 adcumtunt.
1779 2469 1914 2534 Collum
1940 2469 2017 2533 licet

290 2593 523 2658 brevissimum
545 2592 604 2668 ait,
627 2591 855 2666 vertebrarum
871 2605 1044 2657 consuetur
1062 2611 1226 2658 numerus
1247 2607 1304 2658 est.

1087 2789 1217 2874 bii·

307 2968 309 2976 '
375 2959 466 3026 Facta
489 2957 648 3022 incisione
668 2957 840 3020 orbiculari
858 2958 941 3024 circa
961 2978 1101 3024 omnem
1121 2963 1229 3027 hiatus
1252 2961 1565 3034 circumferentiam,
1587 2957 1789 3039 remotisque
1809 2955 2011 3040 tegumentis

291 3079 548 3154 communibus,
583 3077 732 3140 dextram
761 3077 974 3142 solummodo
1003 3079 1194 3146 claviculam
1220 3083 1305 3144 bene
1331 3079 1572 3142 conformatam
1597 3075 1693 3156 (rab.
1715 3075 1766 3143 vt.
1785 3075 1836 3158 fig.
1869 3089 1899 3136 a.
1919 3077 1953 3152 a)
1979 3085 2012 3138 et

288 3195 484 3258 membrana
504 3195 661 3280 capsulari
681 3215 760 3260 cum
781 3197 882 3259 sterni
904 3197 1049 3262 mutilati
1071 3200 1214 3282 reliquiis
1235 3199 1447 3280 conjunctam
1460 3197 1592 3269 inveni3
1614 3193 1742 3257 sinistra
1756 3193 1808 3264 (b)
1826 3192 1906 3255 ossis
1921 3209 2011 3258 com·

287 3312 409 3398 planati
429 3314 584 3392 formam,
607 3329 711 3380 costae
733 3317 941 3380 simillimam
970 3317 1148 3394 referebat,
1177 3333 1352 3402 aternoque
1374 3315 1554 3402 ligamento
1577 3315 1676 3398 longo
1697 3327 1734 3374 ac
1755 3309 1856 3374 denso
1883 3312 1933 3391 (c)
1955 3310 2011 3375 ad·

286 3435 485 3500 nectebatur.
528 3436 685 3498 lllnsculis
707 3437 895 3519 ceteroquin
916 3435 1130 3500 solummodo
1152 3440 1343 3502 confirmata
1365 3447 1427 3514 est,
1455 3437 1492 3499 in
1513 3445 1602 3519 parte
1625 3427 1746 3493 scilicet
1764 3429 1883 3513 postica
1908 3441 2011 3512 trape-

286 3553 339 3616 aio
357 3565 453 3634 atque
476 3553 632 3618 latissimo
654 3555 752 3633 dorsi,
772 3567 959 3618 antrorsutn
980 3575 1059 3620 vero
1074 3554 1481 3631 atarnocleidomastoideo,
1502 3547 1753 3630 sternobyoideo
1774 3533 1809 3608 et
1829 3546 2012 3629 aternotby·

286 3671 426 3734 resideo.
456 3671 622 3752 ‘Scapulae
649 3674 797 3736 sinistrae
817 3673 1065 3755 rudimentum,
1089 3695 1125 3740 oa
1144 3676 1322 3760 parvulum
1341 3671 1535 3758 triangulare
1555 3654 1643 3732 irater
1658 3665 1746 3728 dorsi
1760 3663 1927 3726 musculos
1940 3663 2012 3726 aba·

287 3787 473 3866 conditum,
494 3791 634 3870 trapezio
650 3791 863 3854 solummodo
885 3809 963 3854 curn
984 3791 1140 3856 clavicula
1162 3793 1432 3878 conjungebatur.
1477 3789 1593 3854 Cottae
1613 3785 1720 3848 lateris
1750 3782 1873 3842 sinistri
1895 3780 2010 3842 admo·

287 3907 371 3970 dum
393 3905 523 3992 oblique
541 3907 743 3970 descendunt
764 3921 797 3972 et
816 3909 880 3971 sibi
898 3909 1044 3972 invicem
1067 3907 1136 3972 fere
1161 3909 1477 3993 superincumbunt;
1505 3905 1612 3988 prima
1645 3901 1757 3963 ceteris
1784 3899 1932 3974 brevior,
1964 3895 2011 3976 (i)

287 4027 376 4106 apice
402 4027 522 4090 obtuso
547 4027 680 4104 finitum
715 4027 873 4104 secunda,
908 4029 1001 4090 ter'tia
1030 4039 1063 4090 et
1091 4041 1201 4108 quarta
1230 4029 1362 4111 regione
1385 4024 1496 4110 anguli
1522 4023 1703 4084 introrsum
1728 4019 1835 4079 subito
1864 4015 2011 4096 reflexae,

289 4139 427 4201 hamulo
448 4144 653 4223 complanato
686 4146 820 4218 obtuso,
844 4146 1053 4232 longitudine
1075 4146 1181 4208 lineae
1204 4146 1306 4208 unius
1327 4155 1423 4226 atque
1444 4139 1599 4202 dimidiae
1625 4137 1846 4199 terminantur
1867 4145 1941 4219 (gg
1962 4136 2009 4218 g).

288 4255 422 4342 Quinta,
444 4267 530 4318 sexta
552 4271 647 4342 atque
667 4267 806 4346 septima
826 4265 934 4328 media
952 4279 1041 4346 parte
1061 4265 1148 4327 inter
1169 4281 1203 4326 ae
1223 4262 1382 4334 conflatis,
1405 4257 1586 4323 eminentia
1604 4273 1692 4318 ossea
1713 4252 1767 4332 (h)
1787 4252 1907 4334 pluries
1925 4252 2009 4329 jam·

287 4373 357 4456 iarn
377 4391 639 4439 commemorata
661 4383 697 4440 in
717 4384 849 4464 regione
873 4382 1014 4446 lumbali
1037 4383 1165 4446 sinistra
1189 4381 1367 4453 formatur,
1398 4379 1452 4442 cui
1475 4388 1663 4438 antrorsum
1684 4387 1757 4454 part
1785 4370 1841 4430 ilei
1860 4369 2009 4432 intestini

287 4491 448 4570 adhaeret,
468 4507 647 4558 retrorsum
667 4515 744 4558 vero
764 4497 847 4579 plica
871 4503 954 4562 cutis
975 4515 1127 4564 externae
1147 4499 1325 4566 adcumbit.
1364 4495 1460 4562 Hisce
1480 4495 1596 4556 tribus'
1612 4491 1707 4554 costis
1729 4487 1825 4548 unica
1853 4487 2008 4550 extremi·

287 4624 333 4676 tas
355 4613 496 4674 anterior
511 4611 650 4692 adiacet,
668 4633 751 4696 quae
771 4633 852 4678 cum
870 4628 1010 4699 quatuor
1030 4621 1126 4680 coatia
1145 4621 1261 4700 spuriis
1280 4615 1501 4699 superioribus
1521 4609 1707 4694 cartilagine
1722 4609 1763 4672 ita
1786 4605 2008 4690 conjungitur,

287 4744 326 4790 ur
346 4749 458 4814 margo
480 4733 603 4794 oriatur
622 4735 732 4797 tenuia
752 4735 975 4821 cartilaginem
996 4737 1034 4798 iu
1056 4737 1187 4822 regione
1203 4737 1292 4799 iliaca
1314 4737 1451 4802 sinistra.
1494 4731 1687 4816 spuriarum
1711 4736 1875 4788 costarum
1895 4725 2009 4788 infimi

286 4847 402 4910 ceteris
424 4867 492 4910 non
513 4849 634 4913 adnexa
656 4851 757 4916 libere
778 4853 867 4934 jacet.

368 4965 472 5030 Tanta
492 4979 524 5030 st
543 4971 622 5033 situs
651 4983 683 5034 et
705 4969 831 5035 iorrnae
859 4987 1023 5038 costarum
1047 4975 1262 5039 abnormitats
1284 4971 1403 5038 cavitas
1430 4971 1567 5059 pectoris
1594 4967 1721 5032 sinistra
1739 4963 1823 5027 bens
1845 4957 2009 5023 efformari

287 5099 357 5148 non
378 5085 503 5168 potuit,
522 5097 618 5168 atque
637 5092 857 5172 prorsus-lere
879 5092 1083 5158 desideratur.
1127 5094 1199 5181 Qua
1221 5095 1261 5158 de
1281 5098 1389 5158 caussa
1410 5073 1527 5178 pulmo
1547 5087 1675 5150 sinister
1696 5088 1727 5146 et
1748 5101 1803 5144 cor
1824 5082 1936 5164 ipsum
1955 5077 2008 5140 io·

288 5223 339 5270 ras
360 5217 510 5290 protruaa
529 5209 786 5291 conspiciuntur,
807 5223 840 5276 et
857 5226 983 5297 praeter
999 5229 1124 5278 aortatn
1146 5213 1400 5281 descendentem
1417 5207 1503 5275 nibil
1522 5210 1558 5272 in
1580 5225 1615 5270 ea
1637 5201 1805 5288 repetitura
1834 5229 1839 5236 ·

1374 5334 1451 5396 ΒΩ
