5064 6286
879 1807 1430 1903 PROLOGVS.

304 2267 507 2448 usurum
529 2371 787 2440 abdominallum
814 2376 963 2442 iserniam
984 2377 1151 2463 situmque
1178 2371 1331 2460 patulum
1353 2373 1389 2438 in
1399 2364 1558 2464 fletubus,
1588 2383 1661 2435 tam
1682 2372 1859 2438 tenerioris
1888 2377 2024 2454 aetatis,

290 2525 391 2589 qnam
400 2505 502 2594 justo
524 2521 672 2592 tempore
694 2521 788 2570 utero
811 2505 966 2580 exclusis,
979 2499 1297 2594 frequentissimum
1317 2525 1390 2567 esse
1410 2503 1552 2577 uitium,
1575 2521 1619 2564 ert
1641 2517 1860 2567 morestrorum
1880 2506 2026 2570 historia

218 2637 225 2650 “
290 2647 398 2720 patet.
447 2636 547 2734 {laod
567 2653 648 2698 vero
670 2633 882 2716 repetendum
904 2655 926 2694 a
947 2647 1208 2715 tegumentorum
1230 2633 1506 2717 musculorumque
1534 2631 1591 2694 vel
1613 2625 1763 2721 deficta,
1785 2633 1841 2696 uel
1861 2647 1959 2698 tanta
1980 2650 2026 2700 te·

292 2765 452 2834 ueritate,
474 2777 513 2826 ut
540 2763 721 2844 pressioni,
744 2781 842 2846 quam
862 2763 1051 2844 patiuntur,
1077 2761 1139 2822 leae
1159 2773 1276 2842 partes
1303 2762 1456 2822 resistere
1478 2777 1654 2844 nequeant,
1678 2761 1816 2842 ideoque
1844 2763 1941 2828 modo
1962 2765 2027 2842 bie,

295 2887 393 2954 modo
417 2888 507 2965 illic,
541 2891 721 2972 praecipue
747 2891 886 2954 veroin
906 2890 1041 2970 regione
1061 2885 1168 2950 lineae
1189 2885 1283 2950 albae
1304 2889 1486 2950 debiscunt.
1535 2885 1630 2948 Tales
1652 2909 1758 2962 casus,
1779 2889 1952 2974 inquibus
1974 2913 2031 2957 cor

291 3018 433 3100 propria
459 3017 537 3078 sede
558 3017 695 3093 relicta,
725 3030 824 3080 extra
845 3017 994 3082 tlcoracis
1026 3017 1208 3080 cavitatem
1234 3035 1305 3076 sese
1332 3015 1599 3098 conspiciendum
1618 3014 1790 3096 praebuit,
1819 3018 1866 3078 acl
1886 3020 2029 3086 rariores

293 3146 424 3208 omnino
447 3165 516 3206 esse
537 3139 735 3230 referendos,
757 3147 967 3221 Etmnrs,
989 3145 1074 3228 (Op.
1099 3146 1176 3208 min.
1194 3141 1228 3206 T.
1245 3145 1312 3206 ΙΙΙ.
1334 3166 1370 3226 p.
1399 3145 1463 3224 ιο.)
1480 3144 1699 3219 Sonus-zare,
1719 3145 1972 3212 detractamus
1994 3163 2028 3214 et

206 3263 216 3284 ‘
293 3272 357 3336 alii
376 3285 466 3336 recte
486 3285 686 3338 statuerunt.
731 3273 941 3337 Sceerazsre
968 3273 1101 3358 quidem
1122 3273 1219 3360 beq'm
1240 3272 1326 3336 vitii
1335 3262 1569 3362 frequentiam
1590 3271 1687 3358 justo
1710 3271 1867 3336 minorem
1889 3275 2030 3368 indicat,

294 3401 508 3476 contendens,
526 3419 661 3484 praeter
682 3424 792 3464 casum
814 3424 836 3464 a
855 3425 892 3464 se
914 3403 989 3486 ipso
1012 3401 1233 3478 obseruatum,
1263 3415 1393 3485 tresque
1415 3400 1503 3466 alios
1531 3403 1791 3484 comparationis
1813 3423 1929 3466 caussa
1951 3406 2030 3468 alla.

294 3543 359 3604 tos,
380 3531 444 3594 uin
457 3529 560 3592 ullam
577 3529 678 3592 aliam
694 3531 858 3618 q'usmocli
872 3530 1138 3596 obseruationem
1160 3533 1196 3594 iu
1206 3523 1321 3620 fastis
1343 3529 1481 3590 medicis
1502 3530 1645 3612 reperiri
1651 3553 1662 3606 ,·
1685 3531 1756 3593 sine
1778 3551 1896 3612 magno
1919 3547 2027 3596 autem

292 3655 406 3723 labore
439 3657 660 3742 quadruplum
687 3680 854 3723 numerum
876 3657 1029 3724 exhibere
1050 3661 1228 3744 poaeisset,
1251 3660 1284 3724 si
1304 3679 1415 3726 omnes
1435 3656 1577 3720 aliorum
1597 3655 1845 3723 observationes
1866 3661 2026 3724 novisset.

294 3783 383 3850 Post
409 3805 504 3870 quesn
518 3787 795 3862 manauere,
810 3789 1062 3864 Brennum,
1078 3789 1342 3862 Sarsura-oms,
1364 3789 1617 3858 Tornrumrs,
1640 3785 1869 3862 Paeonum,
1891 3787 2027 3854 Hauon-

294 3933 377 3989 urs,
395 3912 615 3978 Grasaanrre
628 3928 664 3978 et
677 3914 717 3982 V
711 3933 908 3992 ororatrre,
923 3917 1011 3980 inter
1024 3918 1221 3978 recentiores
1228 3917 1503 3978 Mammeos
1513 3928 1611 4000 atque
1618 3917 1929 3980 Faarscununurrc
1938 3920 2026 3981 simi-

296 4041 345 4104 les
359 4061 496 4106 naturae
517 4063 644 4106 errores
660 4025 907 4128 descripserunt
919 4057 953 4107 et
965 4065 1008 4106 ex
1021 4057 1120 4128 parte
1133 4065 1258 4130 quoque
1273 4043 1552 4126 descriptionibus
1568 4045 1676 4108 icones
1692 4041 1903 4108 addiderunt.
1951 4049 2031 4146 pui-

298 4161 359 4225 bus
379 4166 507 4228 ultimis
529 4173 691 4254 exeeptis,
714 4171 843 4249 dubito,
866 4194 910 4236 an
930 4171 984 4234 bis
1004 4173 1135 4255 viginti
1155 4173 1296 4258 quinque
1318 4173 1414 4235 annis
1436 4171 1558 4238 similis
1572 4173 1763 4237 obseruatio
1776 4165 1811 4235 in
1834 4173 1936 4236 lucem
1956 4198 2031 4258 pro·

298 4287 414 4353 dierit.
439 4323 484 4338 -
529 4293 610 4357 Oura
630 4300 737 4376 igitur
764 4301 811 4362 ad
839 4299 1104 4366 conscribendam
1131 4301 1400 4366 dissertationem
1423 4301 1648 4385 inauguralem
1668 4325 1719 4364 me
1741 4301 1952 4382 accingentem,
1975 4323 2030 4366 ex-

300 4419 551 4500 optatissimam
572 4423 776 4490 occasionem
798 4425 944 4490 lubenter
966 4430 1118 4512 arripui,
1163 4451 1259 4494 casus
1289 4431 1421 4515 aliquot
1449 4431 1590 4506 similes,
1626 4451 1708 4514 quos
1737 4430 1889 4490 Museum
1917 4429 2029 4496 anato'-

301 4549 421 4611 micum
442 4549 655 4614 Berolinense
677 4553 714 4614 in
733 4553 870 4634 egregia
891 4569 1109 4618 monstrorum
1131 4559 1322 4626 collectione
1343 4561 1499 4634 continet,
1522 4555 1729 4622 describendi
1751 4577 1790 4618 ae
1817 4555 2030 4640 depingendi.

384 4675 566 4740 Praeterea
594 4679 844 4762 indagationem
873 4701 999 4768 quoque
1021 4687 1241 4748 anatomicam
1252 4682 1390 4776 fetuum
1412 4687 1559 4762 elnonem,
1590 4709 1611 4748 a
1631 4685 1847 4750 Brarruano
1876 4687 1956 4750 olim
1985 4690 2033 4752 in·

301 4805 472 4881 stitutam‚
494 4822 640 4890 repetere
663 4809 746 4870 milei
767 4810 928 4892 contigit,
951 4831 1018 4898 qua
1040 4825 1218 4896 occupatus
1239 4836 1329 4878 reova
1358 4815 1517 4898 quaedam
1539 4815 1697 4898 inpriore
1710 4814 1934 4900 descriptione
1955 4838 2031 4882 non.

303 4930 382 4993 dum
404 4933 592 5013 explorata,
617 4937 740 5000 ireversi.
783 4937 933 5002 Alterum
951 4940 1066 5004 horum
1090 4963 1221 5006 casuum
1248 4945 1460 5008 Wuursurs
1482 4943 1584 5018 (elleos.
1606 4959 1750 5008 anatom.
1776 4945 1814 5008 P.
1838 4947 1867 5006 I.
1890 4967 1927 5026 p.
1954 4956 2028 5022 125.

305 5059 373 5124 No.
396 5057 486 5142 826.)
506 5063 577 5148 jam
606 5067 808 5130 accuratiore
829 5067 1054 5152 descriptione
1075 5085 1110 5134 et
1131 5071 1349 5137 delineatione
1370 5073 1505 5156 dignum
1527 5043 1668 5150 censuit;
1699 5075 1791 5162 cujru
1812 5073 1944 5158 quidem
1966 5095 2033 5138 sen·

306 5189 414 5256 tentia
434 5211 475 5254 ea
496 5195 650 5256 excusari
668 5209 815 5280 possent,
836 5217 921 5284 quae
939 5197 1091 5264 enlcibere
1107 5215 1243 5266 conates
1255 5225 1342 5266 sum:
1362 5225 1437 5268 num
1451 5224 1530 5268 vero
1544 5203 1638 5280 baec,
1662 5225 1744 5288 quae
1755 5199 1894 5286 protuli,
1917 5201 2032 5266 Wan-

1448 5337 1479 5400 Α
