5064 6286
520 721 581 818 5ss

519 905 524 914 ⁴
548 931 674 1002 oenus
695 919 913 1000 nomadum
965 909 1121 1024 Ectopio
1140 921 1258 996 cordis
1283 923 1457 998 vennatis
1486 945 1568 998 curn
1592 925 1705 996 sterni
1728 939 1765 998 et
1788 941 1971 1002 concrum
1995 932 2226 1007 ventilatione

1277 1049 1334 1120 vel
1359 1045 1510 1138 clefhctu.

1055 1249 1059 1258 “
1094 1227 1229 1320 Species
1250 1229 1362 1319 prima.
1412 1227 1453 1295 Ε.
1474 1226 1733 1296 arnualisrsude.
1767 1257 1778 1312 χ

1326 1396 1360 1482 §0
1396 1395 1449 1465 56·

606 1569 781 1653 Eiusmodi
803 1570 946 1654 ectopiae
968 1570 1160 1656 exemplum
1182 1571 1357 1637 Prsamrvs
1382 1571 1413 1649 ¹)
1434 1569 1617 1654 observavit
1637 1570 1674 1632 in
1703 1569 1775 1636 feto
1800 1571 2015 1656 septimenri,
2038 1592 2098 1656 per
2121 1573 2246 1666 aliquot

525 1688 623 1754 horas
642 1703 766 1776 vegeto.
805 1689 871 1754 Cor
892 1692 1068 1773 pericardio
1091 1691 1285 1754 destitutum
1306 1692 1341 1754 in
1362 1690 1493 1774 reg-ione
1514 1689 1709 1774 cartilaginis
1732 1705 1987 1764 mucronatase
2015 1707 2144 1776 pectore
2167 1710 2245 1774 pro·

525 1810 694 1886 tuinebat3
735 1809 959 1874 deficientibus
982 1813 1182 1896 tegumentis
1203 1811 1443 1876 communibus
1465 1822 1498 1872 et
1518 1808 1680 1871 ntuscuiis
1703 1809 1899 1888 abdominis,
1917 1812 2037 1877 viscera
2053 1812 2246 1876 abdomina·

525 1928 568 1993 lia
589 1930 758 2012 peritoneo
781 1929 976 1992 tenuissimo
998 1929 1228 1993 circumvelata
1250 1929 1438 2012 conspectui
1460 1945 1528 2018 sese
1551 1928 1760 2008 praebebant.
1808 1931 1914 2010 Hepar
1943 1929 2084 2010 ingentis
2107 1929 2252 1994 volumi·

524 2049 580 2116 nis
605 2060 703 2130 atque
727 2045 847 2108 iocosae
868 2046 1016 2108 insolitae
1036 2060 1068 2109 ct
1095 2046 1162 2108 lieo
1197 2048 1393 2110 mesubrana
1414 2047 1614 2122 communi,
1633 2065 1714 2128 quae
1734 2046 1823 2108 hisce
1846 2044 1975 2110 duobus
1997 2046 2174 2110 visceribus
2197 2069 2252 2114 ex·

527 2167 650 2230 tinum
664 2163 811 2246 tunicam
830 2163 1033 2248 largiebatur,
1055 2185 1136 2232 cum
1156 2165 1341 2229 uentriculo
1362 2165 1481 2226 intime
1503 2163 1677 2243 conjuncta
1698 2177 1798 2228 erant.
1842 2165 1998 2228 intestina
2029 2179 2186 2230 consueto
2201 2185 2250 2229 or·

523 2285 657 2346 dineet
675 2284 741 2346 situ
760 2281 923 2366 disposita.
960 2285 1069 2350 lienes
1092 2285 1270 2349 anaturali
1294 2283 1399 2346 forma
1425 2284 1607 2347 aberrantes
1641 2284 1749 2346 tunica
1787 2285 1915 2369 adiposa
1936 2285 2108 2364 carebant,
2140 2286 2251 2380 deuter

527 2405 618 2483 iusto
644 2401 753 2481 major
777 2403 952 2466 tissimum
974 2405 1204 2486 rnsgnitudine
1222 2416 1270 2464 ter
1292 2403 1482 2484 superabam
1504 2421 1601 2466 renes
1622 2403 1854 2466 succenturiati
1877 2405 2034 2468 contraria
2050 2406 2135 2467 inter
2149 2423 2182 2467 se
2201 2407 2251 2468 in·

525 2523 636 2584 uicem
657 2521 785 2584 ratione
804 2521 950 2604 dispositi
971 2537 1072 2597 arant,
1092 2522 1222 2584 sinister
1241 2523 1406 2586 nimirum
1429 2523 1537 2586 multo
1558 2521 1664 2599 major
1685 2537 1751 2583 erat
1772 2523 1897 2588 dextro.
1939 2523 1963 2587 F
1967 2523 2120 2584 aniculus
2139 2525 2252 2586 urnbi·
2300 2513 2309 2522 ’

526 2639 628 2702 licalis
650 2639 732 2700 circs
753 2639 927 2722 regionem
945 2639 1075 2702 iliacam
1098 2639 1250 2704 dextram
1274 2659 1353 2702 cum
1381 2640 1488 2708 limbo
1514 2653 1786 2726 tegumentorum
1814 2641 2055 2705 dehiscentium
2076 2643 2252 2705 concrevit.

527 2759 566 2822 lo
589 2757 792 2821 extremitate
814 2759 979 2840 superiore
1004 2759 1133 2822 sinistra
1155 2759 1392 2824 desiderabatur
1420 2777 1455 2822 oa
1485 2761 1636 2836 hismeria
1671 2761 1912 2822 mdbrachium
1936 2779 2017 2824 mm*
2043 2779 2147 2824 manu
2172 2761 2252 2824 duos

523 2876 636 2944 solum
658 2874 791 2956 pollices
812 2875 1018 2960 longitudine
1035 2877 1190 2960 explebat.
1229 2879 1387 2942 baernum
1412 2895 1444 2944 et
1465 2879 1703 2942 mediastinum
1724 2879 1761 2938 in
1779 2891 1907 2961 pectore
1928 2878 2071 2954 deerant,
2094 2882 2252 2962 costisque

526 2995 634 3060 lateris
653 2995 779 3058 sinistri
797 3015 908 3058 versus
923 2995 1010 3058 dorsi
1023 2994 1215 3060 columnam
1234 2997 1357 3060 rellexis
1379 3012 1474 3082 atque
1492 2997 1660 3080 depressis,
1682 2999 1799 3060 cavitas
1822 2997 1958 3058 thoracis
1971 2998 2097 3058 sirtistra
2114 2998 2168 3060 vix
2188 2996 2252 3059 ulla

525 3115 643 3184 aderat.
685 3111 807 3176 l’ulmo
828 3114 959 3176 sinister
971 3111 1151 3192 deficiebat,
1174 3133 1279 3180 massa
1299 3119 1394 3180 enim
1407 3135 1541 3184 carnosa
1552 3118 1674 3179 cordio
1691 3117 1828 3179 sinistris
1843 3087 2028 3192 adhaerens,
2048 3115 2253 3198 pulmonum

526 3233 745 3298 coustantium
766 3251 837 3296 non
856 3232 1238 3317 somniabam-pulmo
1260 3235 1387 3316 dexter,
1405 3235 1603 3303 substantiae
1628 3235 1782 3304 naturalis
1797 3231 1925 3298 formae
1942 3245 2054 3294 autem
2072 3234 2252 3312 abnormis,

523 3354 564 3418 in
581 3350 767 3433 angustiore
787 3349 923 3412 thoracis
937 3352 1072 3416 cavitate
1094 3371 1297 3436 compressus
1318 3358 1407 3438 quasi
1424 3355 1640 3432 delitescebat,
1659 3373 1739 3442 quae
1762 3355 1879 3418 carius
1898 3350 2008 3418 dextra
2023 3350 2253 3438 diaphragma·

523 3471 570 3540 tis
585 3470 737 3558 portione
761 3485 876 3534 rerem
898 3467 1066 3540 abdomen
1087 3470 1309 3558 clausamque
1336 3486 1478 3560 separata
1509 3487 1588 3540 erm

1341 3727 1372 3808 §-
1391 3739 1445 3807 5⁷·

613 3887 766 3954 Similem
782 3890 1037 3975 quoqoe'cssum
1050 3911 1067 3955 a
1081 3891 1296 3960 Miniciano
1307 3897 1341 3974 ἒ)
1353 3878 1566 3959 observatum
1580 3911 1649 3955 esse
1663 3903 1753 3973 puto.
1792 3889 1845 3954 Ob
1862 3891 2020 3950 incertam
2039 3905 2114 3949 sero
2134 3885 2254 3948 descri-

527 4011 649 4093 Pfi0nit
669 4011 830 4070 rationem
845 4022 877 4070 et
897 4009 1035 4078 iconum
1050 4010 1247 4091 adjectarum
1268 4013 1518 4078 incommodam
1537 4009 1766 4070 obscuritatem
1780 4005 1921 4064 dubium
1944 4015 2041 4077 extat,
2054 4003 2188 4064 cuinam
2202 4020 2252 4066 et·

530 4131 635 4212 copiae
653 4127 767 4212 generi
789 4127 840 4190 vel
863 4130 980 4210 speciei
1003 4131 1081 4192 haec
1101 4131 1283 4192 observatio
1306 4127 1511 4192 adscribenda
1531 4125 1583 4198 sit,
1607 4139 1648 4184 sn
1671 4119 1780 4180 somn
1801 4136 1935 4201 prorsus
1964 4119 2030 4182 huc
2057 4141 2127 4182 non
2156 4123 2253 4204 perti·

528 4261 621 4323 neat;
641 4247 724 4309 circa
740 4247 849 4309 cordis
870 4247 963 4310 enim
985 4249 1212 4310 conditionem
1231 4248 1416 4310 abnormen
1437 4243 1522 4306 nihil
1541 4239 1620 4301 certi
1641 4235 1836 4300 adnotatum
1857 4253 1915 4302 eet
1955 4239 2024 4304 Nisi
2043 4253 2155 4302 tanaen
2176 4239 2252 4302 icon

528 4367 565 4428 in
588 4364 694 4427 tabula
715 4365 806 4427 tertis
825 4369 990 4448 proposita
1014 4387 1069 4428 me
1089 4363 1225 4439 fefellit,
1253 4382 1308 4425 cor
1334 4381 1370 4424 re
1395 4379 1469 4422 vera
1498 4360 1535 4420 iat
1563 4357 1625 4420 hoc
1647 4357 1717 4421 fetu
1739 4361 1775 4422 in
1796 4359 1960 4422 abdomen
1979 4357 2150 4438 delapsum
2169 4371 2252 4436 erat,

528 4497 657 4546 rertaoto
684 4485 849 4546 nimirum
872 4499 968 4566 atque
994 4485 1150 4544 deorsum
1178 4481 1318 4540 detracto
1341 4477 1472 4562 hepate,
1497 4491 1586 4542 extra
1607 4481 1794 4544 abdominis
1817 4481 1988 4542 caritatem
2009 4475 2242 4557 propendente,

528 4619 584 4664 cor
603 4605 752 4684 primum
772 4621 839 4664 sese
860 4601 1132 4684 conspiciendum
1155 4594 1336 4677 praebebat.
1378 4597 1452 4690 Qua
1471 4599 1511 4664 de
1529 4619 1654 4679 mussa,
1673 4616 1716 4663 ne
1738 4597 1848 4660 ridear
1876 4595 1961 4659 hant
1988 4593 2252 4660 observationem

529 4723 674 4783 cannino
695 4720 888 4806 neglexisse,
910 4717 1065 4782 hocloco
1086 4731 1157 4778 eam
1180 4715 1295 4799 recepi

527 4935 1041 4964 W

597 5036 626 5110 ¹)
648 5037 778 5090 Giornale
797 5039 823 5088 dr
843 5008 971 5088 letterati
993 5025 1107 5082 d'ltalia.
1129 5027 1223 5092 Toeto
1246 5029 1388 5102 pidem
1415 5038 1493 5104 1724.
1518 5045 1547 5102 p.
1570 5031 1628 5100 158
1663 5027 1725 5084 Dus
1752 5025 1844 5080 istoria
1864 5023 2086 5082 heico-medlche
2108 5021 2161 5090 det,
2178 5024 2252 5096 Siga.

651 5131 768 5182 Donore
791 5131 951 5180 latumano
971 5121 1097 5175 Passum.
1139 5122 1234 5174 latoria
1254 5122 1380 5179 reconda.

597 5247 626 5320 2)
648 5249 697 5300 De·
716 5259 811 5300 iacun
833 5258 925 5296 riniani
945 5251 996 5296 etc.
1013 5237 1134 5296 Leaiom
1152 5239 1351 5298 accadernrchr.
1389 5241 1510 5298 Leeione
1527 5241 1656 5297 reconda.
1674 5239 1755 5301 Vlll.
1772 5235 1879 5297 Tavola
1897 5237 1948 5296 111.
1969 5237 2020 5296 tv.
2037 5233 2074 5288 V·
2089 5249 2118 5306 p·
2139 5245 2179 5292 ta·
2194 5250 2253 5308 sqq.
