5064 6286
532 737 593 806 20

536 915 661 998 aliquot
684 913 801 976 saltem
824 907 984 994 temporis
1004 921 1176 974 momenta
1195 909 1313 995 vegeti,
1332 911 1385 972 cui
1405 929 1476 972 non
1497 908 1606 972 solum
1623 910 1801 992 pulmones
1824 923 1858 974 et
1885 931 1941 978 cor
1972 914 2150 998 pericsrrlio
2175 919 2263 981 rela-

535 1049 615 1100 tum
637 1048 725 1098 extre
746 1031 885 1095 thoracis
903 1032 1093 1106 cavitatem,
1121 1050 1240 1092 verum
1261 1033 1359 1094 etiam
1379 1029 1564 1092 abdominis
1586 1031 1706 1094 viscera
1739 1033 1906 1113 peritoneo
1937 1035 2184 1113 circumcincta,
2214 1035 2264 1099 ei·

538 1151 612 1218 fusa
632 1164 734 1228 erant,
756 1149 979 1212 deficientibus
996 1151 1197 1234 tegumentis
1215 1149 1453 1210 communibus
1474 1163 1506 1210 et
1526 1151 1687 1210 musculis
1707 1150 1983 1214 abdominalibus.
2033 1155 2132 1236 Spina
2154 1155 2263 1216 dorsa.

537 1269 580 1332 lis
601 1283 781 1332 retrorsum
798 1267 934 1344 inflexa,
961 1268 1064 1350 pelvis
1091 1269 1127 1328 in
1150 1269 1227 1331 duas
1257 1281 1359 1350 partes
1381 1267 1568 1341 dehiscens,
1588 1287 1728 1348 quarum
1749 1269 1910 1348 quaelibet
1932 1271 1970 1332 ad
1991 1271 2089 1334 latera
2108 1271 2264 1353 depressa.

539 1385 646 1453 crura
661 1387 834 1449 divaricata
852 1404 922 1450 sese
943 1387 1110 1462 exhibent,
1131 1386 1286 1448 dextrum
1303 1404 1438 1446 sursum
1457 1387 1651 1468 porrigitur,
1668 1388 1841 1448 alnistrum
1856 1387 2011 1450 deorsum
2032 1402 2161 1472 spectat.
2198 1390 2265 1452 Co·

540 1517 669 1570 narum
687 1507 768 1568 situs
788 1504 971 1568 admodum
989 1521 1183 1586 perversus,
1203 1505 1341 1586 pector'n
1367 1505 1484 1566 cavitas
1511 1506 1545 1565 in
1574 1505 1689 1566 dextro
1718 1505 1818 1567 latere
1841 1503 1913 1568 lere
1931 1507 2040 1582 nulia,
2071 1509 2108 1567 in
2130 1508 2262 1569 sinistro

540 1623 630 1706 justo
649 1625 827 1708 spetiosior.
871 1623 979 1686 Sterni
1001 1622 1219 1686 manubrium
1238 1621 1452 1684 solummodo
1473 1623 1687 1704 conspicitur,
1709 1641 1827 1704 corpus
1857 1637 1890 1684 et
1904 1623 2058 1707 cartilago
2072 1636 2263 1687 mucronata

538 1761 673 1828 monus
692 1743 926 1808 desiderantum
945 1773 949 1778 ·
969 1741 1090 1827 Capitis
1111 1757 1187 1806 ossa
1204 1761 1222 1806 a
1240 1743 1379 1806 sinistro·
1394 1740 1492 1804 latere
1514 1741 1552 1804 ad
1564 1740 1719 1808 datram
1740 1740 1871 1825 oblique
1892 1761 2027 1812 sursum
2047 1744 2196 1830 depressa
2216 1761 2264 1816 re,

539 1861 726 1946 periuntur.

1340 2105 1372 2191 i·
1417 2119 1471 2192 ὅδὲ

626 2281 666 2346 ln
687 2279 812 2368 egregia
828 2291 930 2364 atque
949 2279 1114 2344 rarissism
1141 2285 1373 2343 monstrorum
1403 2279 1595 2344 collectione
1617 2279 1728 2344 Musei
1745 2280 1922 2344 anatomici
1942 2279 2166 2346 Berolinensis
2185 2299 2263 2362 qua·

542 2407 621 2462 tuor
647 2400 748 2462 etiam
772 2401 993 2464 inveniuntur
1020 2400 1110 2464 letus
1130 2401 1325 2476 immaturi,
1351 2401 1408 2480 qui
1430 2401 1567 2463 thoracis
1595 2412 1628 2462 et
1651 2399 1837 2462 abdominis
1865 2400 1987 2462 viscera
2015 2398 2115 2462 effusa
2141 2399 2263 2464 habent

539 2528 577 2582 at
596 2517 637 2578 ad
653 2517 739 2581 banc
759 2519 900 2601 ectopise
918 2517 1085 2602 pectoralis
1096 2517 1240 2599 speciem
1254 2517 1417 2580 referendi
1428 2519 1516 2582 mibi
1526 2517 1694 2589 videntur,
1708 2535 1859 2598 quorum·
1868 2519 2100 2582 accuratiorem
2116 2535 2261 2600 perscru-

542 2635 705 2700 tationem
724 2638 896 2700 instituere
918 2636 1005 2700 mibi
1028 2637 1176 2720 contigit.

627 2754 764 2817 initium
784 2755 899 2819 faciam
919 2775 999 2818 cum
1030 2753 1101 2816 latu
1131 2753 1280 2817 masculo
1302 2753 1396 2834 (lah.
1417 2755 1485 2832 lll)
1501 2753 1569 2832 jarn
1591 2753 1750 2837 pridems
1769 2753 1963 2816 Bremneno
1982 2757 2013 2824 ¹)
2032 2753 2202 2835 descripto,
2220 2751 2261 2818 da

541 2889 617 2954 quo
630 2872 812 2935 Wanrears
836 2874 872 2952 ²·)
892 2875 992 2935 stiam
1015 2871 1200 2951 contendit,
1226 2887 1420 2936 monstrum
1442 2873 1506 2936 hor
1533 2873 1686 2957 adspectu
1708 2870 1913 2936 horrendum
1935 2883 1969 2935 et
1984 2871 2026 2936 ob
2046 2871 2169 2936 miram
2186 2889 2261 2953 par·

541 2989 633 3056 hun
650 2987 809 3056 fibrium
829 2991 1038 3070 raeiuimnm
1055 3007 1138 3056 esse.

625 3441 742 3508 Editus
758 3441 823 3508 iuia
843 3445 881 3508 in
904 3443 1021 3512 locem
1033 3447 1246 3534 llagiomoatl
1272 3445 1494 3513 Borussorum
1519 3465 1538 3510 s
1561 3443 1707 3510 foemina
1736 3439 1876 3528 quadam
1896 3451 1984 3508 mm
2003 3439 2260 3509 matrimonium

540 3575 686 3648 mata,
701 3581 784 3648 quse
805 3561 943 3628 durante
958 3570 1143 3650 gestationis
1162 3581 1312 3650 tempore
1330 3566 1370 3631 ad
1394 3567 1498 3630 linem
1523 3583 1629 3647 usque
1653 3567 1779 3628 mensis
1807 3566 1915 3647 quinti
1934 3575 2046 3628 motus
2067 3563 2258 3648 embryonis

539 3680 578 3744 in
597 3693 696 3746 utero
708 3681 785 3744 satis
809 3683 924 3746 alacres
946 3686 1148 3768 percepisse,
1171 3705 1234 3751 nec
1253 3700 1345 3750 antea
1373 3687 1553 3770 quidquam
1581 3683 1705 3746 insoliti
1734 3702 1802 3748 sese
1828 3697 1995 3768 expertam
2016 3702 2096 3761 esse,
2116 3683 2258 3769 prolesss

539 3809 599 3863 est.
645 3801 720 3862 Post
740 3813 870 3879 mrem,
886 3800 1059 3886 inopinato
1080 3817 1203 3869 terrore
1225 3819 1260 3869 et
1279 3826 1397 3892 magna
1419 3805 1525 3870 animi
1546 3803 1772 3891 indignatione
1793 3806 1988 3888 perturbans,
2008 3801 2256 3863 vehementissi-

538 3933 641 3980 mum
660 3919 828 4004 sanguinis
847 3939 887 3984 ex
908 3933 1002 3984 utero
1024 3924 1226 4004 profluvium
1245 3945 1391 4008 perpessa
1409 3939 1476 4001 est,
1504 3925 1654 4004 fetusque
1673 3937 1747 4004 post
1767 3925 1865 3984 breve
1888 3934 2018 3998 tempus
2034 3927 2186 3976 mortuus
2202 3935 2256 3978 ex·

536 4035 668 4122 1²¹²th
687 4037 727 4099 ab
748 4038 918 4102 obstetrice
935 4040 974 4102 ad
996 4040 1159 4106 auxilium
1177 4045 1339 4120 accersita,
1357 4044 1552 4106 Bvcrrnano
1572 4039 1715 4100 traditus.
1757 4038 1814 4096 Vir
1834 4033 1888 4096 ille
1904 4032 2109 4094 Clarissimus
2128 4034 2255 4116 opinio·

536 4171 622 4218 nam
641 4153 681 4216 de
701 4152 827 4236 majore
848 4156 948 4238 hujus
969 4158 1163 4242 embryonis
1185 4172 1287 4220 aetate
1303 4159 1462 4241 prolatam
1480 4155 1576 4217 variis
1594 4150 1735 4234 jamjam
1756 4151 1956 4236 argumentis
1974 4151 2135 4228 firmavit,
2157 4153 2255 4216 Wan-

536 4290 635 4342 atara
655 4286 770 4340 antem
787 4293 924 4360 prorsus
937 4279 1185 4362 septinusstrem
1201 4277 1312 4344 letum
1329 4275 1477 4350 vocavit,
1493 4271 1548 4334 cui
1567 4269 1664 4334 aetati
1684 4272 1878 4354 proximum
1898 4285 1932 4336 et
1948 4290 2008 4372 ego
2029 4286 2158 4344 cenatos

1343 4519 1447 4603 §35

617 4697 808 4787 longitudo
829 4718 849 4762 s
868 4695 1023 4778 margins
1042 4691 1228 4773 depravatae
1248 4691 1402 4758 calvariae
1422 4693 1462 4758 sd
1480 4693 1603 4758 calcem
1624 4709 1729 4776 usqne
1749 4689 1794 4774 δέ
1814 4687 1946 4774 pollices
1962 4686 2121 4774 psrlsims
2136 4687 2250 4770 explet

530 4812 783 4904 Hydrocephalo
805 4833 917 4884 tenera
934 4808 1072 4890 jamjam
1091 4825 1192 4878 aetus
1209 4825 1334 4890 exorto,
1355 4813 1506 4876 cranium
1526 4829 1663 4874 exesum
1685 4823 1745 4894 est,
1766 4831 1832 4895 qus
1849 4811 1889 4873 da
1909 4827 2017 4876 mussa
2034 4825 2107 4892 pars
2126 4806 2255 4876 houm·

530 4979 1043 5020 W*

521 5153 526 5164 ,
600 5095 630 5166 1)
650 5092 782 5148 mrem.
800 5075 1082 5150 Watrnolmgeu.
1102 5095 1138 5138 ss.
1157 5076 1196 5134 K·
1215 5079 1379 5158 Kirigslg.
1393 5077 1453 5140 ssd
1468 5077 1608 5157 Leipzig.
1625 5077 1703 5153 2763.
1723 5079 1799 5136 setes
1819 5092 1869 5136 raa
1888 5089 1950 5150 sqqr

599 5205 633 5280 ὓ)
652 5203 726 5274 ΜΝ,
744 5207 864 5252 mione
882 5194 914 5254 Ρ.
932 5191 956 5248 l«
975 5211 1035 5266 pig,
1054 5209 1116 5254 120.
1133 5193 1191 5254 No,
1205 5203 1269 5272 8⁰5·
