<?xml version="1.0" encoding="UTF-8"?>
<!DOCTYPE html PUBLIC "-//W3C//DTD XHTML 1.0 Transitional//EN"
    "http://www.w3.org/TR/xhtml1/DTD/xhtml1-transitional.dtd">
<html xmlns="http://www.w3.org/1999/xhtml" xml:lang="en" lang="en">
 <head>
  <title>
</title>
<meta http-equiv="Content-Type" content="text/html;charset=utf-8" />
  <meta name='ocr-system' content='tesseract 3.04.00' />
  <meta name='ocr-capabilities' content='ocr_page ocr_carea ocr_par ocr_line ocrx_word'/>
</head>
<body>
  <div class='ocr_page' id='page_1' title='image "./decordisectopia00weesgoog_0023.png"; bbox 0 0 5064 6286; ppageno 0'>
   <div class='ocr_carea' id='block_1_1' title="bbox 525 741 577 830">
    <p class='ocr_par' dir='ltr' id='par_1_1' title="bbox 525 741 577 830">
     <span class='ocr_line' id='line_1_1' title="bbox 525 741 577 830; baseline 0 0"><span class='ocrx_word' id='word_1_1' title='bbox 525 741 577 830; x_wconf 85' lang='lat'>¹4</span> 
     </span>
    </p>
   </div>
   <div class='ocr_carea' id='block_1_2' title="bbox 513 905 2370 998">
    <p class='ocr_par' dir='ltr' id='par_1_2' title="bbox 513 905 2370 998">
     <span class='ocr_line' id='line_1_2' title="bbox 513 905 2370 998; baseline 0 -16"><span class='ocrx_word' id='word_1_2' title='bbox 513 917 693 988; x_wconf 81' lang='lat' dir='ltr'>anhelabat.</span> <span class='ocrx_word' id='word_1_3' title='bbox 737 911 853 981; x_wconf 77' lang='lat' dir='ltr'>Gordia</span> <span class='ocrx_word' id='word_1_4' title='bbox 876 911 977 998; x_wconf 84' lang='lat' dir='ltr'>figura</span> <span class='ocrx_word' id='word_1_5' title='bbox 996 907 1143 997; x_wconf 85' lang='lat' dir='ltr'>legitima</span> <span class='ocrx_word' id='word_1_6' title='bbox 1160 921 1247 986; x_wconf 86' lang='lat' dir='ltr'>erat,</span> <span class='ocrx_word' id='word_1_7' title='bbox 1275 907 1382 992; x_wconf 89' lang='lat' dir='ltr'>cuapia</span> <span class='ocrx_word' id='word_1_8' title='bbox 1406 905 1546 994; x_wconf 87' lang='lat' dir='ltr'>pauxilla</span> <span class='ocrx_word' id='word_1_9' title='bbox 1566 908 1767 994; x_wconf 79' lang='lat' dir='ltr'>pinguedine</span> <span class='ocrx_word' id='word_1_10' title='bbox 1786 926 1950 994; x_wconf 74' lang='lat' dir='ltr'>respersa,</span> <span class='ocrx_word' id='word_1_11' title='bbox 1969 913 2165 982; x_wconf 84' lang='lat' dir='ltr'>horizontali</span> <span class='ocrx_word' id='word_1_12' title='bbox 2183 919 2250 984; x_wconf 80' lang='lat' dir='ltr'>citu</span> <span class='ocrx_word' id='word_1_13' title='bbox 2361 957 2370 968; x_wconf 89' lang='lat'><strong>·</strong></span> 
     </span>
    </p>
   </div>
   <div class='ocr_carea' id='block_1_3' title="bbox 513 1027 2253 3019">
    <p class='ocr_par' dir='ltr' id='par_1_3' title="bbox 513 1027 2251 1578">
     <span class='ocr_line' id='line_1_3' title="bbox 513 1027 2251 1118; baseline -0.002 -13"><span class='ocrx_word' id='word_1_14' title='bbox 513 1054 702 1106; x_wconf 82' lang='lat' dir='ltr'>antrorauut</span> <span class='ocrx_word' id='word_1_15' title='bbox 720 1033 897 1118; x_wconf 79' lang='lat' dir='ltr'>apecubat,</span> <span class='ocrx_word' id='word_1_16' title='bbox 916 1031 1002 1094; x_wconf 87' lang='lat' dir='ltr'>baala</span> <span class='ocrx_word' id='word_1_17' title='bbox 1022 1042 1135 1092; x_wconf 86' lang='lat' dir='ltr'>autaut</span> <span class='ocrx_word' id='word_1_18' title='bbox 1155 1027 1385 1094; x_wconf 72' lang='lat' dir='ltr'>adnectebatur</span> <span class='ocrx_word' id='word_1_19' title='bbox 1406 1029 1529 1094; x_wconf 88' lang='lat' dir='ltr'>theraei</span> <span class='ocrx_word' id='word_1_20' title='bbox 1550 1031 1662 1094; x_wconf 88' lang='lat' dir='ltr'>medio</span> <span class='ocrx_word' id='word_1_21' title='bbox 1683 1044 1715 1094; x_wconf 87' lang='lat' dir='ltr'>et</span> <span class='ocrx_word' id='word_1_22' title='bbox 1738 1051 1818 1096; x_wconf 88' lang='lat' dir='ltr'>cum</span> <span class='ocrx_word' id='word_1_23' title='bbox 1841 1037 2041 1118; x_wconf 85' lang='lat' dir='ltr'>tegumentia</span> <span class='ocrx_word' id='word_1_24' title='bbox 2057 1041 2251 1102; x_wconf 87' lang='lat' dir='ltr'>communi-</span> 
     </span>
     <span class='ocr_line' id='line_1_4' title="bbox 516 1145 2251 1236; baseline 0.001 -14"><span class='ocrx_word' id='word_1_25' title='bbox 516 1161 579 1222; x_wconf 91' lang='lat' dir='ltr'>bua</span> <span class='ocrx_word' id='word_1_26' title='bbox 601 1170 672 1220; x_wconf 86' lang='lat' dir='ltr'>tam</span> <span class='ocrx_word' id='word_1_27' title='bbox 690 1153 796 1217; x_wconf 77' lang='lat' dir='ltr'>valide</span> <span class='ocrx_word' id='word_1_28' title='bbox 815 1151 991 1228; x_wconf 83' lang='lat' dir='ltr'>coaluerat,</span> <span class='ocrx_word' id='word_1_29' title='bbox 1011 1161 1050 1214; x_wconf 95' lang='lat' dir='ltr'>ut</span> <span class='ocrx_word' id='word_1_30' title='bbox 1070 1147 1127 1210; x_wconf 81' lang='lat' dir='ltr'>vix</span> <span class='ocrx_word' id='word_1_31' title='bbox 1149 1167 1185 1210; x_wconf 92' lang='lat' dir='ltr'>ac</span> <span class='ocrx_word' id='word_1_32' title='bbox 1203 1167 1248 1210; x_wconf 88' lang='lat' dir='ltr'>ue</span> <span class='ocrx_word' id='word_1_33' title='bbox 1268 1150 1324 1210; x_wconf 83' lang='lat' dir='ltr'>vix</span> <span class='ocrx_word' id='word_1_34' title='bbox 1346 1145 1494 1230; x_wconf 82' lang='lat' dir='ltr'>quidem,</span> <span class='ocrx_word' id='word_1_35' title='bbox 1515 1169 1557 1214; x_wconf 86' lang='lat' dir='ltr'>tu</span> <span class='ocrx_word' id='word_1_36' title='bbox 1570 1148 1766 1215; x_wconf 87' lang='lat' dir='ltr'>mediaatino</span> <span class='ocrx_word' id='word_1_37' title='bbox 1784 1151 1988 1236; x_wconf 89' lang='lat' dir='ltr'>adligaretur,</span> <span class='ocrx_word' id='word_1_38' title='bbox 2009 1154 2251 1236; x_wconf 87' lang='lat' dir='ltr'>deprehendere</span> 
     </span>
     <span class='ocr_line' id='line_1_5' title="bbox 516 1266 2250 1362; baseline 0.002 -23"><span class='ocrx_word' id='word_1_39' title='bbox 516 1279 690 1362; x_wconf 85' lang='lat' dir='ltr'>potuiaaea.</span> <span class='ocrx_word' id='word_1_40' title='bbox 732 1273 895 1338; x_wconf 82' lang='lat' dir='ltr'>Sternum</span> <span class='ocrx_word' id='word_1_41' title='bbox 914 1267 1055 1334; x_wconf 86' lang='lat' dir='ltr'>bifidum</span> <span class='ocrx_word' id='word_1_42' title='bbox 1075 1288 1095 1333; x_wconf 91' lang='lat' dir='ltr'>a</span> <span class='ocrx_word' id='word_1_43' title='bbox 1116 1266 1282 1330; x_wconf 71' lang='lat' dir='ltr'>claviculis</span> <span class='ocrx_word' id='word_1_44' title='bbox 1303 1266 1379 1330; x_wconf 89' lang='lat' dir='ltr'>inde</span> <span class='ocrx_word' id='word_1_45' title='bbox 1401 1267 1441 1330; x_wconf 91' lang='lat' dir='ltr'>ad</span> <span class='ocrx_word' id='word_1_46' title='bbox 1458 1281 1687 1333; x_wconf 87' lang='lat' dir='ltr'>mucronatam</span> <span class='ocrx_word' id='word_1_47' title='bbox 1709 1289 1813 1352; x_wconf 87' lang='lat' dir='ltr'>utque</span> <span class='ocrx_word' id='word_1_48' title='bbox 1833 1271 2057 1355; x_wconf 73' lang='lat' dir='ltr'>cartilaginem</span> <span class='ocrx_word' id='word_1_49' title='bbox 2076 1294 2144 1340; x_wconf 86' lang='lat' dir='ltr'>aeae</span> <span class='ocrx_word' id='word_1_50' title='bbox 2163 1277 2250 1340; x_wconf 85' lang='lat' dir='ltr'>exbi-</span> 
     </span>
     <span class='ocr_line' id='line_1_6' title="bbox 514 1383 2251 1477; baseline 0 -18"><span class='ocrx_word' id='word_1_51' title='bbox 514 1395 627 1468; x_wconf 68' lang='lat' dir='ltr'>beben</span> <span class='ocrx_word' id='word_1_52' title='bbox 648 1393 735 1456; x_wconf 90' lang='lat' dir='ltr'>linea</span> <span class='ocrx_word' id='word_1_53' title='bbox 755 1391 897 1477; x_wconf 87' lang='lat' dir='ltr'>quadam</span> <span class='ocrx_word' id='word_1_54' title='bbox 918 1389 1031 1465; x_wconf 79' lang='lat' dir='ltr'>rubra,</span> <span class='ocrx_word' id='word_1_55' title='bbox 1050 1409 1067 1452; x_wconf 93' lang='lat' dir='ltr'>a</span> <span class='ocrx_word' id='word_1_56' title='bbox 1085 1385 1200 1473; x_wconf 84' lang='lat' dir='ltr'>jugulo</span> <span class='ocrx_word' id='word_1_57' title='bbox 1221 1383 1268 1450; x_wconf 88' lang='lat' dir='ltr'>ad&#39;</span> <span class='ocrx_word' id='word_1_58' title='bbox 1283 1385 1473 1470; x_wconf 79' lang='lat' dir='ltr'>alpheidam</span> <span class='ocrx_word' id='word_1_59' title='bbox 1488 1399 1656 1472; x_wconf 86' lang='lat' dir='ltr'>protracta,</span> <span class='ocrx_word' id='word_1_60' title='bbox 1676 1387 1769 1452; x_wconf 84' lang='lat' dir='ltr'>velut</span> <span class='ocrx_word' id='word_1_61' title='bbox 1783 1407 1892 1452; x_wconf 85' lang='lat' dir='ltr'>raaura</span> <span class='ocrx_word' id='word_1_62' title='bbox 1910 1407 1966 1456; x_wconf 88' lang='lat' dir='ltr'>aut</span> <span class='ocrx_word' id='word_1_63' title='bbox 1979 1391 2069 1458; x_wconf 89' lang='lat' dir='ltr'>aulco</span> <span class='ocrx_word' id='word_1_64' title='bbox 2083 1397 2185 1458; x_wconf 86' lang='lat' dir='ltr'>aterni</span> <span class='ocrx_word' id='word_1_65' title='bbox 2198 1395 2251 1460; x_wconf 81' lang='lat' dir='ltr'>iia·</span> 
     </span>
     <span class='ocr_line' id='line_1_7' title="bbox 513 1509 1023 1578; baseline -0.016 0"><span class='ocrx_word' id='word_1_66' title='bbox 513 1531 589 1578; x_wconf 90' lang='lat' dir='ltr'>aura</span> <span class='ocrx_word' id='word_1_67' title='bbox 609 1511 790 1576; x_wconf 78' lang='lat' dir='ltr'>forinsecae</span> <span class='ocrx_word' id='word_1_68' title='bbox 810 1509 1023 1573; x_wconf 88' lang='lat' dir='ltr'>indicabatur.</span> 
     </span>
    </p>

    <p class='ocr_par' dir='ltr' id='par_1_4' title="bbox 517 1623 2252 2189">
     <span class='ocr_line' id='line_1_8' title="bbox 600 1623 2248 1714; baseline 0 -18"><span class='ocrx_word' id='word_1_69' title='bbox 600 1633 771 1696; x_wconf 86' lang='lat' dir='ltr'>luteruam</span> <span class='ocrx_word' id='word_1_70' title='bbox 787 1629 893 1694; x_wconf 89' lang='lat' dir='ltr'>cordia</span> <span class='ocrx_word' id='word_1_71' title='bbox 914 1638 1115 1691; x_wconf 87' lang='lat' dir='ltr'>atructuraut</span> <span class='ocrx_word' id='word_1_72' title='bbox 1135 1623 1277 1689; x_wconf 83' lang='lat' dir='ltr'>omuino</span> <span class='ocrx_word' id='word_1_73' title='bbox 1295 1623 1486 1688; x_wconf 83' lang='lat' dir='ltr'>normalem</span> <span class='ocrx_word' id='word_1_74' title='bbox 1514 1623 1633 1703; x_wconf 83' lang='lat' dir='ltr'>suiaae,</span> <span class='ocrx_word' id='word_1_75' title='bbox 1668 1645 1710 1690; x_wconf 79' lang='lat' dir='ltr'>ex</span> <span class='ocrx_word' id='word_1_76' title='bbox 1736 1641 1881 1690; x_wconf 81' lang='lat' dir='ltr'>accurata</span> <span class='ocrx_word' id='word_1_77' title='bbox 1903 1625 2006 1711; x_wconf 83' lang='lat' dir='ltr'>bujue</span> <span class='ocrx_word' id='word_1_78' title='bbox 2027 1627 2161 1694; x_wconf 84' lang='lat' dir='ltr'>viaceria</span> <span class='ocrx_word' id='word_1_79' title='bbox 2179 1649 2248 1714; x_wconf 82' lang='lat' dir='ltr'>per·</span> 
     </span>
     <span class='ocr_line' id='line_1_9' title="bbox 519 1742 2252 1836; baseline -0.003 -22"><span class='ocrx_word' id='word_1_80' title='bbox 519 1750 717 1814; x_wconf 85' lang='lat' dir='ltr'>acrutatlcne</span> <span class='ocrx_word' id='word_1_81' title='bbox 730 1761 841 1836; x_wconf 70' lang='lat' dir='ltr'>pttatq</span> <span class='ocrx_word' id='word_1_82' title='bbox 861 1765 937 1812; x_wconf 80' lang='lat' dir='ltr'>vata</span> <span class='ocrx_word' id='word_1_83' title='bbox 958 1747 1072 1810; x_wconf 83' lang='lat' dir='ltr'>omnia</span> <span class='ocrx_word' id='word_1_84' title='bbox 1091 1743 1196 1811; x_wconf 87' lang='lat' dir='ltr'>cordia</span> <span class='ocrx_word' id='word_1_85' title='bbox 1214 1742 1304 1825; x_wconf 82' lang='lat' dir='ltr'>juato</span> <span class='ocrx_word' id='word_1_86' title='bbox 1321 1757 1355 1806; x_wconf 90' lang='lat' dir='ltr'>et</span> <span class='ocrx_word' id='word_1_87' title='bbox 1373 1743 1488 1807; x_wconf 82' lang='lat' dir='ltr'>ordine</span> <span class='ocrx_word' id='word_1_88' title='bbox 1513 1755 1546 1808; x_wconf 89' lang='lat' dir='ltr'>et</span> <span class='ocrx_word' id='word_1_89' title='bbox 1563 1763 1712 1808; x_wconf 84' lang='lat' dir='ltr'>numero</span> <span class='ocrx_word' id='word_1_90' title='bbox 1731 1743 1894 1829; x_wconf 87' lang='lat' dir='ltr'>diapoaita,</span> <span class='ocrx_word' id='word_1_91' title='bbox 1919 1767 1975 1830; x_wconf 89' lang='lat' dir='ltr'>per</span> <span class='ocrx_word' id='word_1_92' title='bbox 1992 1750 2095 1810; x_wconf 89' lang='lat' dir='ltr'>aterni</span> <span class='ocrx_word' id='word_1_93' title='bbox 2107 1749 2252 1814; x_wconf 76' lang='lat' dir='ltr'>loteratia</span> 
     </span>
     <span class='ocr_line' id='line_1_10' title="bbox 519 1861 2252 1948; baseline -0.001 -16"><span class='ocrx_word' id='word_1_94' title='bbox 519 1871 563 1933; x_wconf 88' lang='lat' dir='ltr'>tia</span> <span class='ocrx_word' id='word_1_95' title='bbox 586 1872 621 1932; x_wconf 87' lang='lat' dir='ltr'>in</span> <span class='ocrx_word' id='word_1_96' title='bbox 641 1868 802 1930; x_wconf 88' lang='lat' dir='ltr'>terminoa</span> <span class='ocrx_word' id='word_1_97' title='bbox 824 1887 842 1928; x_wconf 88' lang='lat' dir='ltr'>a</span> <span class='ocrx_word' id='word_1_98' title='bbox 862 1879 978 1930; x_wconf 86' lang='lat' dir='ltr'>natura</span> <span class='ocrx_word' id='word_1_99' title='bbox 998 1865 1060 1927; x_wconf 91' lang='lat' dir='ltr'>aibi</span> <span class='ocrx_word' id='word_1_100' title='bbox 1081 1865 1238 1948; x_wconf 85' lang='lat' dir='ltr'>praefixoe</span> <span class='ocrx_word' id='word_1_101' title='bbox 1256 1862 1512 1926; x_wconf 86' lang='lat' dir='ltr'>tranatueabant.</span> <span class='ocrx_word' id='word_1_102' title='bbox 1554 1861 1734 1926; x_wconf 87' lang='lat' dir='ltr'>Pulmonee</span> <span class='ocrx_word' id='word_1_103' title='bbox 1754 1864 1793 1924; x_wconf 90' lang='lat' dir='ltr'>in</span> <span class='ocrx_word' id='word_1_104' title='bbox 1814 1878 1942 1948; x_wconf 83' lang='lat' dir='ltr'>pectore</span> <span class='ocrx_word' id='word_1_105' title='bbox 1955 1865 1993 1928; x_wconf 91' lang='lat' dir='ltr'>ad</span> <span class='ocrx_word' id='word_1_106' title='bbox 2010 1880 2164 1931; x_wconf 88' lang='lat' dir='ltr'>naturam</span> <span class='ocrx_word' id='word_1_107' title='bbox 2185 1869 2252 1934; x_wconf 81' lang='lat' dir='ltr'>dia.</span> 
     </span>
     <span class='ocr_line' id='line_1_11' title="bbox 517 1953 2252 2072; baseline 0.002 -23"><span class='ocrx_word' id='word_1_108' title='bbox 517 1988 616 2072; x_wconf 88' lang='lat' dir='ltr'>poeiti</span> <span class='ocrx_word' id='word_1_109' title='bbox 638 1953 734 2068; x_wconf 81' lang='lat' dir='ltr'>atque</span> <span class='ocrx_word' id='word_1_110' title='bbox 754 1985 908 2049; x_wconf 79' lang='lat' dir='ltr'>collocati.</span> <span class='ocrx_word' id='word_1_111' title='bbox 947 1986 1032 2047; x_wconf 83' lang='lat' dir='ltr'>Tota</span> <span class='ocrx_word' id='word_1_112' title='bbox 1050 1983 1174 2065; x_wconf 90' lang='lat' dir='ltr'>reliqua</span> <span class='ocrx_word' id='word_1_113' title='bbox 1194 1982 1313 2046; x_wconf 80' lang='lat' dir='ltr'>fabrica</span> <span class='ocrx_word' id='word_1_114' title='bbox 1332 1980 1524 2063; x_wconf 83' lang='lat' dir='ltr'>perpulchre</span> <span class='ocrx_word' id='word_1_115' title='bbox 1545 1979 1689 2064; x_wconf 88' lang='lat' dir='ltr'>adaptata</span> <span class='ocrx_word' id='word_1_116' title='bbox 1706 1993 1794 2058; x_wconf 67' lang='lat' dir='ltr'>arata</span> <span class='ocrx_word' id='word_1_117' title='bbox 1822 1999 1941 2067; x_wconf 84' lang='lat' dir='ltr'>corpua</span> <span class='ocrx_word' id='word_1_118' title='bbox 1969 1995 2072 2048; x_wconf 86' lang='lat' dir='ltr'>aetate</span> <span class='ocrx_word' id='word_1_119' title='bbox 2097 1987 2252 2052; x_wconf 81' lang='lat' dir='ltr'>novime-</span> 
     </span>
     <span class='ocr_line' id='line_1_12' title="bbox 520 2103 1157 2189; baseline -0.011 -19"><span class='ocrx_word' id='word_1_120' title='bbox 520 2119 585 2170; x_wconf 89' lang='lat' dir='ltr'>atre</span> <span class='ocrx_word' id='word_1_121' title='bbox 613 2121 709 2188; x_wconf 83' lang='lat' dir='ltr'>atqua</span> <span class='ocrx_word' id='word_1_122' title='bbox 728 2103 967 2189; x_wconf 66' lang='lat' dir='ltr'>magnitudinis</span> <span class='ocrx_word' id='word_1_123' title='bbox 983 2121 1157 2188; x_wconf 79' lang='lat' dir='ltr'>congruae.</span> 
     </span>
    </p>

    <p class='ocr_par' dir='ltr' id='par_1_5' title="bbox 518 2215 2251 2539">
     <span class='ocr_line' id='line_1_13' title="bbox 601 2215 2250 2306; baseline 0.001 -19"><span class='ocrx_word' id='word_1_124' title='bbox 601 2225 706 2288; x_wconf 85' lang='lat' dir='ltr'>Natua</span> <span class='ocrx_word' id='word_1_125' title='bbox 725 2235 774 2286; x_wconf 90' lang='lat' dir='ltr'>eat</span> <span class='ocrx_word' id='word_1_126' title='bbox 793 2241 878 2306; x_wconf 88' lang='lat' dir='ltr'>puer</span> <span class='ocrx_word' id='word_1_127' title='bbox 898 2221 1023 2284; x_wconf 88' lang='lat' dir='ltr'>Matriti</span> <span class='ocrx_word' id='word_1_128' title='bbox 1044 2219 1155 2283; x_wconf 89' lang='lat' dir='ltr'>ldibua</span> <span class='ocrx_word' id='word_1_129' title='bbox 1177 2217 1320 2280; x_wconf 83' lang='lat' dir='ltr'>ianuarii</span> <span class='ocrx_word' id='word_1_130' title='bbox 1350 2217 1444 2282; x_wconf 82' lang='lat' dir='ltr'>Anni</span> <span class='ocrx_word' id='word_1_131' title='bbox 1472 2215 1649 2282; x_wconf 82' lang='lat' dir='ltr'>Moccvt.</span> <span class='ocrx_word' id='word_1_132' title='bbox 1682 2217 1852 2304; x_wconf 85' lang='lat' dir='ltr'>vitamque</span> <span class='ocrx_word' id='word_1_133' title='bbox 1886 2219 1925 2283; x_wconf 87' lang='lat' dir='ltr'>ad</span> <span class='ocrx_word' id='word_1_134' title='bbox 1953 2219 2130 2284; x_wconf 86' lang='lat' dir='ltr'>duodecim</span> <span class='ocrx_word' id='word_1_135' title='bbox 2156 2223 2250 2288; x_wconf 81' lang='lat' dir='ltr'>borae</span> 
     </span>
     <span class='ocr_line' id='line_1_14' title="bbox 518 2335 2251 2426; baseline 0.001 -21"><span class='ocrx_word' id='word_1_136' title='bbox 518 2341 692 2426; x_wconf 76' lang='lat' dir='ltr'>perduxit3</span> <span class='ocrx_word' id='word_1_137' title='bbox 709 2340 833 2422; x_wconf 83' lang='lat' dir='ltr'>quibua</span> <span class='ocrx_word' id='word_1_138' title='bbox 852 2336 1076 2423; x_wconf 84' lang='lat' dir='ltr'>praeterlapaia</span> <span class='ocrx_word' id='word_1_139' title='bbox 1096 2336 1150 2400; x_wconf 73' lang='lat' dir='ltr'>cel</span> <span class='ocrx_word' id='word_1_140' title='bbox 1171 2347 1304 2418; x_wconf 91' lang='lat' dir='ltr'>propter</span> <span class='ocrx_word' id='word_1_141' title='bbox 1324 2335 1437 2398; x_wconf 87' lang='lat' dir='ltr'>caloria</span> <span class='ocrx_word' id='word_1_142' title='bbox 1456 2337 1617 2421; x_wconf 88' lang='lat' dir='ltr'>inopiam,</span> <span class='ocrx_word' id='word_1_143' title='bbox 1638 2335 1691 2398; x_wconf 85' lang='lat' dir='ltr'>vel</span> <span class='ocrx_word' id='word_1_144' title='bbox 1711 2350 1844 2420; x_wconf 84' lang='lat' dir='ltr'>propter</span> <span class='ocrx_word' id='word_1_145' title='bbox 1864 2337 2012 2402; x_wconf 78' lang='lat' dir='ltr'>adeiduaa</span> <span class='ocrx_word' id='word_1_146' title='bbox 2030 2345 2251 2407; x_wconf 77' lang='lat' dir='ltr'>contrectatio·-</span> 
     </span>
     <span class='ocr_line' id='line_1_15' title="bbox 518 2453 2150 2539; baseline -0.002 -14"><span class='ocrx_word' id='word_1_147' title='bbox 518 2479 589 2538; x_wconf 84' lang='lat' dir='ltr'>atea,</span> <span class='ocrx_word' id='word_1_148' title='bbox 613 2457 733 2539; x_wconf 80' lang='lat' dir='ltr'>quibua</span> <span class='ocrx_word' id='word_1_149' title='bbox 756 2458 889 2522; x_wconf 88' lang='lat' dir='ltr'>acceaait</span> <span class='ocrx_word' id='word_1_150' title='bbox 906 2455 1045 2520; x_wconf 83' lang='lat' dir='ltr'>lactandi</span> <span class='ocrx_word' id='word_1_151' title='bbox 1064 2453 1226 2531; x_wconf 84' lang='lat' dir='ltr'>taedium,</span> <span class='ocrx_word' id='word_1_152' title='bbox 1241 2474 1310 2538; x_wconf 87' lang='lat' dir='ltr'>quo</span> <span class='ocrx_word' id='word_1_153' title='bbox 1331 2455 1520 2518; x_wconf 76' lang='lat' dir='ltr'>miserrime</span> <span class='ocrx_word' id='word_1_154' title='bbox 1540 2457 1728 2534; x_wconf 82' lang='lat' dir='ltr'>vexabatur,</span> <span class='ocrx_word' id='word_1_155' title='bbox 1747 2455 1869 2537; x_wconf 88' lang='lat' dir='ltr'>placida</span> <span class='ocrx_word' id='word_1_156' title='bbox 1891 2469 1999 2520; x_wconf 83' lang='lat' dir='ltr'>morte</span> <span class='ocrx_word' id='word_1_157' title='bbox 2017 2457 2150 2539; x_wconf 85' lang='lat' dir='ltr'>quievit.</span> 
     </span>
    </p>

    <p class='ocr_par' dir='ltr' id='par_1_6' title="bbox 521 2573 2253 3019">
     <span class='ocr_line' id='line_1_16' title="bbox 603 2573 2251 2660; baseline -0.004 -18"><span class='ocrx_word' id='word_1_158' title='bbox 603 2574 696 2642; x_wconf 84' lang='lat' dir='ltr'>Nihil</span> <span class='ocrx_word' id='word_1_159' title='bbox 715 2573 839 2638; x_wconf 87' lang='lat' dir='ltr'>ineoliti</span> <span class='ocrx_word' id='word_1_160' title='bbox 861 2573 999 2638; x_wconf 87' lang='lat' dir='ltr'>durante</span> <span class='ocrx_word' id='word_1_161' title='bbox 1016 2573 1194 2658; x_wconf 88' lang='lat' dir='ltr'>geatatioue</span> <span class='ocrx_word' id='word_1_162' title='bbox 1206 2590 1277 2637; x_wconf 90' lang='lat' dir='ltr'>aeae</span> <span class='ocrx_word' id='word_1_163' title='bbox 1289 2591 1475 2656; x_wconf 77' lang='lat' dir='ltr'>perpetratu</span> <span class='ocrx_word' id='word_1_164' title='bbox 1493 2588 1579 2650; x_wconf 88' lang='lat' dir='ltr'>eaae,</span> <span class='ocrx_word' id='word_1_165' title='bbox 1602 2573 1732 2636; x_wconf 84' lang='lat' dir='ltr'>tibialiia</span> <span class='ocrx_word' id='word_1_166' title='bbox 1745 2574 1858 2638; x_wconf 84' lang='lat' dir='ltr'>tolum</span> <span class='ocrx_word' id='word_1_167' title='bbox 1871 2574 2071 2638; x_wconf 89' lang='lat' dir='ltr'>elaborandia</span> <span class='ocrx_word' id='word_1_168' title='bbox 2094 2574 2251 2660; x_wconf 82' lang='lat' dir='ltr'>frequen.</span> 
     </span>
     <span class='ocr_line' id='line_1_17' title="bbox 521 2677 2252 2780; baseline 0.002 -20"><span class='ocrx_word' id='word_1_169' title='bbox 521 2709 572 2762; x_wconf 89' lang='lat' dir='ltr'>tat·</span> <span class='ocrx_word' id='word_1_170' title='bbox 591 2713 727 2780; x_wconf 86' lang='lat' dir='ltr'>operam</span> <span class='ocrx_word' id='word_1_171' title='bbox 746 2691 885 2770; x_wconf 77' lang='lat' dir='ltr'>deditae,</span> <span class='ocrx_word' id='word_1_172' title='bbox 907 2705 1014 2756; x_wconf 84' lang='lat' dir='ltr'>mater</span> <span class='ocrx_word' id='word_1_173' title='bbox 1040 2689 1187 2756; x_wconf 87' lang='lat' dir='ltr'>cenieaaa</span> <span class='ocrx_word' id='word_1_174' title='bbox 1209 2677 1273 2768; x_wconf 60' lang='lat' dir='ltr'>eet}</span> <span class='ocrx_word' id='word_1_175' title='bbox 1311 2691 1403 2756; x_wconf 86' lang='lat' dir='ltr'>uude</span> <span class='ocrx_word' id='word_1_176' title='bbox 1428 2693 1639 2758; x_wconf 81' lang='lat' dir='ltr'>Manrtarzto</span> <span class='ocrx_word' id='word_1_177' title='bbox 1675 2712 1695 2756; x_wconf 94' lang='lat' dir='ltr'>a</span> <span class='ocrx_word' id='word_1_178' title='bbox 1722 2694 1850 2759; x_wconf 87' lang='lat' dir='ltr'>ratieue</span> <span class='ocrx_word' id='word_1_179' title='bbox 1870 2711 1942 2756; x_wconf 87' lang='lat' dir='ltr'>ucat</span> <span class='ocrx_word' id='word_1_180' title='bbox 1967 2693 2117 2758; x_wconf 87' lang='lat' dir='ltr'>alienum</span> <span class='ocrx_word' id='word_1_181' title='bbox 2137 2698 2252 2762; x_wconf 82' lang='lat' dir='ltr'>vicum</span> 
     </span>
     <span class='ocr_line' id='line_1_18' title="bbox 522 2809 2252 2899; baseline -0.001 -19"><span class='ocrx_word' id='word_1_182' title='bbox 522 2827 574 2881; x_wconf 85' lang='lat' dir='ltr'>eat</span> <span class='ocrx_word' id='word_1_183' title='bbox 601 2811 799 2894; x_wconf 83' lang='lat' dir='ltr'>coniectare,</span> <span class='ocrx_word' id='word_1_184' title='bbox 820 2829 837 2874; x_wconf 89' lang='lat' dir='ltr'>a</span> <span class='ocrx_word' id='word_1_185' title='bbox 858 2812 1005 2874; x_wconf 88' lang='lat' dir='ltr'>reiterata</span> <span class='ocrx_word' id='word_1_186' title='bbox 1029 2829 1129 2894; x_wconf 86' lang='lat' dir='ltr'>anper</span> <span class='ocrx_word' id='word_1_187' title='bbox 1149 2811 1327 2876; x_wconf 81' lang='lat' dir='ltr'>abdomine</span> <span class='ocrx_word' id='word_1_188' title='bbox 1345 2809 1559 2892; x_wconf 84' lang='lat' dir='ltr'>adplicatione</span> <span class='ocrx_word' id='word_1_189' title='bbox 1581 2809 1728 2874; x_wconf 84' lang='lat' dir='ltr'>inatlcull</span> <span class='ocrx_word' id='word_1_190' title='bbox 1742 2811 1843 2888; x_wconf 88' lang='lat' dir='ltr'>illlua,</span> <span class='ocrx_word' id='word_1_191' title='bbox 1863 2826 1929 2892; x_wconf 91' lang='lat' dir='ltr'>quo</span> <span class='ocrx_word' id='word_1_192' title='bbox 1947 2812 1987 2872; x_wconf 85' lang='lat' dir='ltr'>ad</span> <span class='ocrx_word' id='word_1_193' title='bbox 2003 2813 2252 2899; x_wconf 83' lang='lat' dir='ltr'>talamoperam</span> 
     </span>
     <span class='ocr_line' id='line_1_19' title="bbox 533 2925 2253 3019; baseline -0.003 -22"><span class='ocrx_word' id='word_1_194' title='bbox 533 2945 690 3010; x_wconf 81' lang='lat' dir='ltr'>utuntur,</span> <span class='ocrx_word' id='word_1_195' title='bbox 709 2942 862 2995; x_wconf 73' lang='lat' dir='ltr'>turoam</span> <span class='ocrx_word' id='word_1_196' title='bbox 885 2929 971 2994; x_wconf 85' lang='lat' dir='ltr'>ietua</span> <span class='ocrx_word' id='word_1_197' title='bbox 984 2947 1065 2992; x_wconf 84' lang='lat' dir='ltr'>eum</span> <span class='ocrx_word' id='word_1_198' title='bbox 1083 2932 1296 3015; x_wconf 83' lang='lat' dir='ltr'>tegumentia,</span> <span class='ocrx_word' id='word_1_199' title='bbox 1316 2927 1360 2993; x_wconf 92' lang='lat' dir='ltr'>ob</span> <span class='ocrx_word' id='word_1_200' title='bbox 1381 2925 1551 2992; x_wconf 81' lang='lat' dir='ltr'>infelicem</span> <span class='ocrx_word' id='word_1_201' title='bbox 1570 2927 1678 2994; x_wconf 87' lang='lat' dir='ltr'>ioraan</span> <span class='ocrx_word' id='word_1_202' title='bbox 1693 2927 1765 3012; x_wconf 78' lang='lat' dir='ltr'>eiua</span> <span class='ocrx_word' id='word_1_203' title='bbox 1779 2929 1995 3012; x_wconf 74' lang='lat' dir='ltr'>pneaenuem</span> <span class='ocrx_word' id='word_1_204' title='bbox 2007 2929 2090 2994; x_wconf 81' lang='lat' dir='ltr'>findi</span> <span class='ocrx_word' id='word_1_205' title='bbox 2100 2935 2253 3019; x_wconf 68' lang='lat' dir='ltr'>perulerat</span> 
     </span>
    </p>
   </div>
   <div class='ocr_carea' id='block_1_4' title="bbox 1315 3249 1447 3332">
    <p class='ocr_par' dir='ltr' id='par_1_7' title="bbox 1315 3249 1447 3332">
     <span class='ocr_line' id='line_1_20' title="bbox 1315 3249 1447 3332; baseline 0 -18"><span class='ocrx_word' id='word_1_206' title='bbox 1315 3249 1348 3332; x_wconf 82' lang='lat'>§.</span> <span class='ocrx_word' id='word_1_207' title='bbox 1395 3265 1447 3314; x_wconf 87' lang='lat' dir='ltr'>oa.</span> 
     </span>
    </p>
   </div>
   <div class='ocr_carea' id='block_1_5' title="bbox 522 3415 2290 4930">
    <p class='ocr_par' dir='ltr' id='par_1_8' title="bbox 522 3415 2252 3625">
     <span class='ocr_line' id='line_1_21' title="bbox 608 3415 2252 3504; baseline 0.004 -22"><span class='ocrx_word' id='word_1_208' title='bbox 608 3418 706 3482; x_wconf 80' lang='lat' dir='ltr'>lilaea</span> <span class='ocrx_word' id='word_1_209' title='bbox 731 3415 862 3482; x_wconf 90' lang='lat' dir='ltr'>duobua</span> <span class='ocrx_word' id='word_1_210' title='bbox 885 3417 1018 3483; x_wconf 82' lang='lat' dir='ltr'>-caeibua</span> <span class='ocrx_word' id='word_1_211' title='bbox 1042 3419 1181 3482; x_wconf 84' lang='lat' dir='ltr'>tertium</span> <span class='ocrx_word' id='word_1_212' title='bbox 1206 3416 1325 3484; x_wconf 88' lang='lat' dir='ltr'>addam</span> <span class='ocrx_word' id='word_1_213' title='bbox 1353 3419 1455 3501; x_wconf 81' lang='lat' dir='ltr'>buitta</span> <span class='ocrx_word' id='word_1_214' title='bbox 1481 3417 1601 3504; x_wconf 89' lang='lat' dir='ltr'>apeciei</span> <span class='ocrx_word' id='word_1_215' title='bbox 1627 3419 1840 3502; x_wconf 84' lang='lat' dir='ltr'>exemplant,</span> <span class='ocrx_word' id='word_1_216' title='bbox 1862 3437 1881 3482; x_wconf 95' lang='lat' dir='ltr'>a</span> <span class='ocrx_word' id='word_1_217' title='bbox 1907 3416 2111 3486; x_wconf 77' lang='lat' dir='ltr'>Sauutuoare</span> <span class='ocrx_word' id='word_1_218' title='bbox 2135 3419 2252 3488; x_wconf 86' lang='lat' dir='ltr'>deacri-</span> 
     </span>
     <span class='ocr_line' id='line_1_22' title="bbox 522 3536 2184 3625; baseline 0.001 -23"><span class='ocrx_word' id='word_1_219' title='bbox 522 3551 621 3625; x_wconf 86' lang='lat' dir='ltr'>ptutu</span> <span class='ocrx_word' id='word_1_220' title='bbox 648 3539 699 3619; x_wconf 85' lang='lat'>¹);</span> <span class='ocrx_word' id='word_1_221' title='bbox 730 3537 912 3602; x_wconf 83' lang='lat' dir='ltr'>obaervatio</span> <span class='ocrx_word' id='word_1_222' title='bbox 934 3555 1023 3603; x_wconf 80' lang='lat' dir='ltr'>euno</span> <span class='ocrx_word' id='word_1_223' title='bbox 1044 3536 1273 3603; x_wconf 78' lang='lat' dir='ltr'>Mocccxtn.</span> <span class='ocrx_word' id='word_1_224' title='bbox 1289 3539 1439 3602; x_wconf 86' lang='lat' dir='ltr'>instituta</span> <span class='ocrx_word' id='word_1_225' title='bbox 1462 3539 1525 3603; x_wconf 88' lang='lat' dir='ltr'>fuit</span> <span class='ocrx_word' id='word_1_226' title='bbox 1544 3560 1562 3601; x_wconf 91' lang='lat' dir='ltr'>a</span> <span class='ocrx_word' id='word_1_227' title='bbox 1583 3541 1764 3614; x_wconf 80' lang='lat' dir='ltr'>Dtracatto,</span> <span class='ocrx_word' id='word_1_228' title='bbox 1786 3537 1914 3600; x_wconf 89' lang='lat' dir='ltr'>Medico</span> <span class='ocrx_word' id='word_1_229' title='bbox 1936 3537 2184 3606; x_wconf 83' lang='lat' dir='ltr'>Elberl&#39;elrlenai.</span> 
     </span>
    </p>

    <p class='ocr_par' dir='ltr' id='par_1_9' title="bbox 523 3647 2290 4930">
     <span class='ocr_line' id='line_1_23' title="bbox 608 3647 2253 3746; baseline 0.003 -24"><span class='ocrx_word' id='word_1_230' title='bbox 608 3657 676 3722; x_wconf 90' lang='lat' dir='ltr'>Cor</span> <span class='ocrx_word' id='word_1_231' title='bbox 692 3653 857 3732; x_wconf 88' lang='lat' dir='ltr'>medium,</span> <span class='ocrx_word' id='word_1_232' title='bbox 876 3655 972 3719; x_wconf 87' lang='lat' dir='ltr'>nullo</span> <span class='ocrx_word' id='word_1_233' title='bbox 992 3657 1151 3722; x_wconf 80' lang='lat' dir='ltr'>veatituut</span> <span class='ocrx_word' id='word_1_234' title='bbox 1172 3659 1361 3741; x_wconf 83' lang='lat' dir='ltr'>perictrdio,</span> <span class='ocrx_word' id='word_1_235' title='bbox 1383 3658 1597 3722; x_wconf 87' lang='lat' dir='ltr'>incumbebat</span> <span class='ocrx_word' id='word_1_236' title='bbox 1614 3655 1789 3734; x_wconf 87' lang='lat' dir='ltr'>rotundae,</span> <span class='ocrx_word' id='word_1_237' title='bbox 1817 3658 2064 3739; x_wconf 86' lang='lat' dir='ltr'>quodammodo</span> <span class='ocrx_word' id='word_1_238' title='bbox 2087 3647 2253 3746; x_wconf 77' lang='lat' dir='ltr'>depreaaa&#39;a</span> 
     </span>
     <span class='ocr_line' id='line_1_24' title="bbox 523 3773 2253 3864; baseline -0.003 -22"><span class='ocrx_word' id='word_1_239' title='bbox 523 3790 557 3842; x_wconf 85' lang='lat' dir='ltr'>et</span> <span class='ocrx_word' id='word_1_240' title='bbox 577 3773 785 3860; x_wconf 81' lang='lat' dir='ltr'>profundiori</span> <span class='ocrx_word' id='word_1_241' title='bbox 805 3791 907 3853; x_wconf 87' lang='lat' dir='ltr'>areae,</span> <span class='ocrx_word' id='word_1_242' title='bbox 927 3793 1030 3860; x_wconf 80' lang='lat' dir='ltr'>quam</span> <span class='ocrx_word' id='word_1_243' title='bbox 1047 3777 1246 3842; x_wconf 87' lang='lat' dir='ltr'>terminabat</span> <span class='ocrx_word' id='word_1_244' title='bbox 1265 3797 1379 3864; x_wconf 83' lang='lat' dir='ltr'>margo</span> <span class='ocrx_word' id='word_1_245' title='bbox 1398 3776 1634 3860; x_wconf 83' lang='lat' dir='ltr'>cartilaginem,</span> <span class='ocrx_word' id='word_1_246' title='bbox 1654 3795 1800 3858; x_wconf 87' lang='lat' dir='ltr'>quocum</span> <span class='ocrx_word' id='word_1_247' title='bbox 1824 3797 1927 3841; x_wconf 78' lang='lat' dir='ltr'>nexae</span> <span class='ocrx_word' id='word_1_248' title='bbox 1946 3793 2039 3842; x_wconf 88' lang='lat' dir='ltr'>erant</span> <span class='ocrx_word' id='word_1_249' title='bbox 2067 3793 2171 3844; x_wconf 85' lang='lat' dir='ltr'>coetae</span> <span class='ocrx_word' id='word_1_250' title='bbox 2195 3783 2253 3842; x_wconf 66' lang='lat' dir='ltr'>dea</span> 
     </span>
     <span class='ocr_line' id='line_1_25' title="bbox 523 3891 2252 3978; baseline 0 -18"><span class='ocrx_word' id='word_1_251' title='bbox 523 3897 652 3960; x_wconf 80' lang='lat' dir='ltr'>ficiente</span> <span class='ocrx_word' id='word_1_252' title='bbox 670 3905 789 3957; x_wconf 88' lang='lat' dir='ltr'>aterno.</span> <span class='ocrx_word' id='word_1_253' title='bbox 827 3893 949 3960; x_wconf 86' lang='lat' dir='ltr'>Deerat</span> <span class='ocrx_word' id='word_1_254' title='bbox 974 3913 1016 3959; x_wconf 80' lang='lat' dir='ltr'>ex</span> <span class='ocrx_word' id='word_1_255' title='bbox 1038 3896 1185 3960; x_wconf 83' lang='lat' dir='ltr'>maxima</span> <span class='ocrx_word' id='word_1_256' title='bbox 1211 3909 1301 3978; x_wconf 90' lang='lat' dir='ltr'>parta</span> <span class='ocrx_word' id='word_1_257' title='bbox 1329 3895 1483 3960; x_wconf 84' lang='lat' dir='ltr'>clavicula</span> <span class='ocrx_word' id='word_1_258' title='bbox 1511 3891 1653 3960; x_wconf 86' lang='lat' dir='ltr'>ainiatra.</span> <span class='ocrx_word' id='word_1_259' title='bbox 1690 3895 1803 3960; x_wconf 75' lang='lat' dir='ltr'>Puella</span> <span class='ocrx_word' id='word_1_260' title='bbox 1829 3893 1935 3978; x_wconf 84' lang='lat' dir='ltr'>quoad</span> <span class='ocrx_word' id='word_1_261' title='bbox 1964 3897 2078 3956; x_wconf 87' lang='lat' dir='ltr'>omnia</span> <span class='ocrx_word' id='word_1_262' title='bbox 2099 3897 2252 3960; x_wconf 86' lang='lat' dir='ltr'>membra</span> 
     </span>
     <span class='ocr_line' id='line_1_26' title="bbox 524 4008 2252 4097; baseline 0 -19"><span class='ocrx_word' id='word_1_263' title='bbox 524 4014 651 4096; x_wconf 84' lang='lat' dir='ltr'>optime</span> <span class='ocrx_word' id='word_1_264' title='bbox 671 4011 822 4090; x_wconf 77' lang='lat' dir='ltr'>formata,</span> <span class='ocrx_word' id='word_1_265' title='bbox 842 4013 927 4075; x_wconf 79' lang='lat' dir='ltr'>vixit</span> <span class='ocrx_word' id='word_1_266' title='bbox 944 4013 1029 4076; x_wconf 88' lang='lat' dir='ltr'>ultra</span> <span class='ocrx_word' id='word_1_267' title='bbox 1050 4011 1152 4078; x_wconf 84' lang='lat' dir='ltr'>dietat.</span> <span class='ocrx_word' id='word_1_268' title='bbox 1195 4015 1325 4078; x_wconf 78' lang='lat' dir='ltr'>Infante</span> <span class='ocrx_word' id='word_1_269' title='bbox 1347 4017 1459 4097; x_wconf 88' lang='lat' dir='ltr'>quieta</span> <span class='ocrx_word' id='word_1_270' title='bbox 1482 4031 1537 4074; x_wconf 90' lang='lat' dir='ltr'>cor</span> <span class='ocrx_word' id='word_1_271' title='bbox 1554 4011 1700 4072; x_wconf 86' lang='lat' dir='ltr'>laudatae</span> <span class='ocrx_word' id='word_1_272' title='bbox 1719 4030 1811 4074; x_wconf 86' lang='lat' dir='ltr'>arere</span> <span class='ocrx_word' id='word_1_273' title='bbox 1824 4011 1867 4071; x_wconf 87' lang='lat' dir='ltr'>ita</span> <span class='ocrx_word' id='word_1_274' title='bbox 1890 4008 2112 4088; x_wconf 82' lang='lat' dir='ltr'>incumbebat,</span> <span class='ocrx_word' id='word_1_275' title='bbox 2135 4026 2174 4075; x_wconf 92' lang='lat' dir='ltr'>ut</span> <span class='ocrx_word' id='word_1_276' title='bbox 2196 4017 2252 4078; x_wconf 91' lang='lat' dir='ltr'>ba·</span> 
     </span>
     <span class='ocr_line' id='line_1_27' title="bbox 523 4125 2253 4216; baseline 0.001 -23"><span class='ocrx_word' id='word_1_277' title='bbox 523 4131 568 4194; x_wconf 86' lang='lat' dir='ltr'>aia</span> <span class='ocrx_word' id='word_1_278' title='bbox 597 4127 667 4211; x_wconf 84' lang='lat' dir='ltr'>eiua</span> <span class='ocrx_word' id='word_1_279' title='bbox 685 4127 772 4192; x_wconf 81' lang='lat' dir='ltr'>iufra</span> <span class='ocrx_word' id='word_1_280' title='bbox 793 4129 862 4210; x_wconf 86' lang='lat' dir='ltr'>alta,</span> <span class='ocrx_word' id='word_1_281' title='bbox 883 4133 1001 4194; x_wconf 88' lang='lat' dir='ltr'>mucr&#39;o</span> <span class='ocrx_word' id='word_1_282' title='bbox 1018 4149 1132 4194; x_wconf 70' lang='lat' dir='ltr'>ceraue</span> <span class='ocrx_word' id='word_1_283' title='bbox 1151 4135 1360 4216; x_wconf 82' lang='lat' dir='ltr'>cuparioreut</span> <span class='ocrx_word' id='word_1_284' title='bbox 1378 4145 1507 4215; x_wconf 89' lang='lat' dir='ltr'>partem</span> <span class='ocrx_word' id='word_1_285' title='bbox 1520 4141 1552 4192; x_wconf 89' lang='lat' dir='ltr'>et</span> <span class='ocrx_word' id='word_1_286' title='bbox 1567 4128 1742 4189; x_wconf 84' lang='lat' dir='ltr'>ainiatrum</span> <span class='ocrx_word' id='word_1_287' title='bbox 1757 4125 1841 4187; x_wconf 78' lang='lat' dir='ltr'>latua</span> <span class='ocrx_word' id='word_1_288' title='bbox 1854 4136 2033 4206; x_wconf 84' lang='lat' dir='ltr'>epectaret,</span> <span class='ocrx_word' id='word_1_289' title='bbox 2050 4131 2194 4212; x_wconf 79' lang='lat' dir='ltr'>auricula</span> <span class='ocrx_word' id='word_1_290' title='bbox 2208 4135 2253 4195; x_wconf 89' lang='lat' dir='ltr'>ai·</span> 
     </span>
     <span class='ocr_line' id='line_1_28' title="bbox 524 4239 2253 4334; baseline 0.001 -21"><span class='ocrx_word' id='word_1_291' title='bbox 524 4248 628 4313; x_wconf 85' lang='lat' dir='ltr'>niatra</span> <span class='ocrx_word' id='word_1_292' title='bbox 649 4266 690 4312; x_wconf 83' lang='lat' dir='ltr'>ex</span> <span class='ocrx_word' id='word_1_293' title='bbox 711 4261 801 4332; x_wconf 90' lang='lat' dir='ltr'>parte</span> <span class='ocrx_word' id='word_1_294' title='bbox 820 4259 975 4329; x_wconf 86' lang='lat' dir='ltr'>tantum,</span> <span class='ocrx_word' id='word_1_295' title='bbox 1002 4248 1114 4313; x_wconf 85' lang='lat' dir='ltr'>dextra</span> <span class='ocrx_word' id='word_1_296' title='bbox 1133 4270 1255 4314; x_wconf 82' lang='lat' dir='ltr'>verum</span> <span class='ocrx_word' id='word_1_297' title='bbox 1276 4263 1342 4316; x_wconf 87' lang='lat' dir='ltr'>tota</span> <span class='ocrx_word' id='word_1_298' title='bbox 1371 4245 1564 4334; x_wconf 87' lang='lat' dir='ltr'>couapectui</span> <span class='ocrx_word' id='word_1_299' title='bbox 1590 4261 1661 4307; x_wconf 87' lang='lat' dir='ltr'>aeae</span> <span class='ocrx_word' id='word_1_300' title='bbox 1689 4239 1844 4309; x_wconf 78' lang='lat' dir='ltr'>oblectet.</span> <span class='ocrx_word' id='word_1_301' title='bbox 1884 4239 2034 4324; x_wconf 81' lang='lat' dir='ltr'>liiulante</span> <span class='ocrx_word' id='word_1_302' title='bbox 2055 4263 2168 4312; x_wconf 85' lang='lat' dir='ltr'>autem</span> <span class='ocrx_word' id='word_1_303' title='bbox 2189 4267 2253 4332; x_wconf 89' lang='lat' dir='ltr'>pu·</span> 
     </span>
     <span class='ocr_line' id='line_1_29' title="bbox 525 4361 2253 4453; baseline -0.001 -19"><span class='ocrx_word' id='word_1_304' title='bbox 525 4367 587 4434; x_wconf 90' lang='lat' dir='ltr'>ella</span> <span class='ocrx_word' id='word_1_305' title='bbox 608 4371 689 4452; x_wconf 68' lang='lat' dir='ltr'>apel</span> <span class='ocrx_word' id='word_1_306' title='bbox 707 4367 815 4432; x_wconf 88' lang='lat' dir='ltr'>cordia</span> <span class='ocrx_word' id='word_1_307' title='bbox 834 4369 875 4432; x_wconf 88' lang='lat' dir='ltr'>ab</span> <span class='ocrx_word' id='word_1_308' title='bbox 896 4387 978 4448; x_wconf 88' lang='lat' dir='ltr'>area,</span> <span class='ocrx_word' id='word_1_309' title='bbox 1000 4389 1083 4453; x_wconf 92' lang='lat' dir='ltr'>quae</span> <span class='ocrx_word' id='word_1_310' title='bbox 1104 4381 1185 4433; x_wconf 87' lang='lat' dir='ltr'>tunc</span> <span class='ocrx_word' id='word_1_311' title='bbox 1206 4367 1333 4452; x_wconf 89' lang='lat' dir='ltr'>planior</span> <span class='ocrx_word' id='word_1_312' title='bbox 1353 4365 1463 4444; x_wconf 87' lang='lat' dir='ltr'>tiebat,</span> <span class='ocrx_word' id='word_1_313' title='bbox 1488 4361 1675 4426; x_wconf 84' lang='lat' dir='ltr'>elevabatur</span> <span class='ocrx_word' id='word_1_314' title='bbox 1697 4375 1731 4426; x_wconf 90' lang='lat' dir='ltr'>et</span> <span class='ocrx_word' id='word_1_315' title='bbox 1757 4361 1842 4426; x_wconf 77' lang='lat' dir='ltr'>batia</span> <span class='ocrx_word' id='word_1_316' title='bbox 1863 4363 1899 4428; x_wconf 94' lang='lat' dir='ltr'>in</span> <span class='ocrx_word' id='word_1_317' title='bbox 1921 4373 2054 4428; x_wconf 90' lang='lat' dir='ltr'>tantum</span> <span class='ocrx_word' id='word_1_318' title='bbox 2074 4365 2253 4450; x_wconf 83' lang='lat' dir='ltr'>recedebat,</span> 
     </span>
     <span class='ocr_line' id='line_1_30' title="bbox 525 4463 2253 4569; baseline 0 -15"><span class='ocrx_word' id='word_1_319' title='bbox 525 4499 564 4554; x_wconf 89' lang='lat' dir='ltr'>ut</span> <span class='ocrx_word' id='word_1_320' title='bbox 585 4498 652 4553; x_wconf 85' lang='lat' dir='ltr'>tota</span> <span class='ocrx_word' id='word_1_321' title='bbox 670 4505 750 4550; x_wconf 88' lang='lat' dir='ltr'>cum</span> <span class='ocrx_word' id='word_1_322' title='bbox 770 4487 898 4552; x_wconf 89' lang='lat' dir='ltr'>duabua</span> <span class='ocrx_word' id='word_1_323' title='bbox 915 4490 1078 4568; x_wconf 88' lang='lat' dir='ltr'>auriculia,</span> <span class='ocrx_word' id='word_1_324' title='bbox 1099 4487 1211 4556; x_wconf 88' lang='lat' dir='ltr'>arteria</span> <span class='ocrx_word' id='word_1_325' title='bbox 1231 4483 1431 4569; x_wconf 86' lang='lat' dir='ltr'>pulmoualia</span> <span class='ocrx_word' id='word_1_326' title='bbox 1457 4499 1570 4546; x_wconf 81' lang='lat' dir='ltr'>veraua</span> <span class='ocrx_word' id='word_1_327' title='bbox 1601 4463 1757 4548; x_wconf 82' lang='lat' dir='ltr'>dextrum</span> <span class='ocrx_word' id='word_1_328' title='bbox 1781 4481 1867 4547; x_wconf 87' lang='lat' dir='ltr'>latua</span> <span class='ocrx_word' id='word_1_329' title='bbox 1889 4495 1921 4546; x_wconf 87' lang='lat' dir='ltr'>et</span> <span class='ocrx_word' id='word_1_330' title='bbox 1940 4477 2032 4562; x_wconf 81' lang='lat' dir='ltr'>jum</span> <span class='ocrx_word' id='word_1_331' title='bbox 2061 4503 2136 4549; x_wconf 87' lang='lat' dir='ltr'>earu</span> <span class='ocrx_word' id='word_1_332' title='bbox 2164 4466 2253 4554; x_wconf 58' lang='lat' dir='ltr'>aorta&#39;</span> 
     </span>
     <span class='ocr_line' id='line_1_31' title="bbox 526 4599 2252 4692; baseline 0.002 -24"><span class='ocrx_word' id='word_1_333' title='bbox 526 4605 661 4692; x_wconf 88' lang='lat' dir='ltr'>penitua</span> <span class='ocrx_word' id='word_1_334' title='bbox 692 4607 884 4690; x_wconf 87' lang='lat' dir='ltr'>conapicuae</span> <span class='ocrx_word' id='word_1_335' title='bbox 903 4620 1027 4684; x_wconf 70' lang='lat' dir='ltr'>aaaeutt</span> <span class='ocrx_word' id='word_1_336' title='bbox 1061 4606 1172 4670; x_wconf 85' lang='lat' dir='ltr'>nullae</span> <span class='ocrx_word' id='word_1_337' title='bbox 1198 4616 1312 4667; x_wconf 82' lang='lat' dir='ltr'>autem</span> <span class='ocrx_word' id='word_1_338' title='bbox 1338 4599 1442 4666; x_wconf 87' lang='lat' dir='ltr'>videri</span> <span class='ocrx_word' id='word_1_339' title='bbox 1468 4614 1622 4686; x_wconf 87' lang='lat' dir='ltr'>poterant</span> <span class='ocrx_word' id='word_1_340' title='bbox 1642 4622 1757 4668; x_wconf 84' lang='lat' dir='ltr'>venae.</span> <span class='ocrx_word' id='word_1_341' title='bbox 1793 4600 1971 4665; x_wconf 78' lang='lat' dir='ltr'>Auriculaa</span> <span class='ocrx_word' id='word_1_342' title='bbox 1992 4599 2120 4670; x_wconf 85' lang='lat' dir='ltr'>dextrae</span> <span class='ocrx_word' id='word_1_343' title='bbox 2139 4621 2252 4672; x_wconf 87' lang='lat' dir='ltr'>motua</span> 
     </span>
     <span class='ocr_line' id='line_1_32' title="bbox 527 4721 2290 4809; baseline 0.001 -21"><span class='ocrx_word' id='word_1_344' title='bbox 527 4725 603 4788; x_wconf 91' lang='lat' dir='ltr'>aatia</span> <span class='ocrx_word' id='word_1_345' title='bbox 624 4725 820 4809; x_wconf 88' lang='lat' dir='ltr'>conapicuua</span> <span class='ocrx_word' id='word_1_346' title='bbox 842 4741 924 4806; x_wconf 88' lang='lat' dir='ltr'>erat,</span> <span class='ocrx_word' id='word_1_347' title='bbox 945 4727 1093 4789; x_wconf 85' lang='lat' dir='ltr'>aiuiatrae</span> <span class='ocrx_word' id='word_1_348' title='bbox 1112 4721 1204 4785; x_wconf 82' lang='lat' dir='ltr'>valde</span> <span class='ocrx_word' id='word_1_349' title='bbox 1222 4721 1369 4808; x_wconf 83' lang='lat' dir='ltr'>exiguue.</span> <span class='ocrx_word' id='word_1_350' title='bbox 1410 4721 1596 4789; x_wconf 77' lang='lat' dir='ltr'>contractio</span> <span class='ocrx_word' id='word_1_351' title='bbox 1616 4721 1723 4786; x_wconf 87' lang='lat' dir='ltr'>cordia</span> <span class='ocrx_word' id='word_1_352' title='bbox 1745 4738 1815 4783; x_wconf 88' lang='lat' dir='ltr'>non</span> <span class='ocrx_word' id='word_1_353' title='bbox 1837 4732 1942 4798; x_wconf 85' lang='lat' dir='ltr'>tanta,</span> <span class='ocrx_word' id='word_1_354' title='bbox 1968 4735 2085 4804; x_wconf 86' lang='lat' dir='ltr'>quanta</span> <span class='ocrx_word' id='word_1_355' title='bbox 2106 4740 2253 4790; x_wconf 79' lang='lat' dir='ltr'>neccara-</span> <span class='ocrx_word' id='word_1_356' title='bbox 2284 4754 2290 4763; x_wconf 88' lang='lat'>·</span> 
     </span>
     <span class='ocr_line' id='line_1_33' title="bbox 523 4836 2252 4930; baseline 0.001 -24"><span class='ocrx_word' id='word_1_357' title='bbox 523 4843 572 4906; x_wconf 88' lang='lat' dir='ltr'>ria</span> <span class='ocrx_word' id='word_1_358' title='bbox 594 4842 708 4908; x_wconf 84' lang='lat' dir='ltr'>luiaaet</span> <span class='ocrx_word' id='word_1_359' title='bbox 727 4843 766 4908; x_wconf 86' lang='lat' dir='ltr'>ad</span> <span class='ocrx_word' id='word_1_360' title='bbox 788 4845 968 4930; x_wconf 90' lang='lat' dir='ltr'>plenariam</span> <span class='ocrx_word' id='word_1_361' title='bbox 990 4843 1062 4923; x_wconf 81' lang='lat' dir='ltr'>ejut</span> <span class='ocrx_word' id='word_1_362' title='bbox 1081 4841 1322 4927; x_wconf 80' lang='lat' dir='ltr'>depictionem3</span> <span class='ocrx_word' id='word_1_363' title='bbox 1342 4854 1456 4906; x_wconf 83' lang='lat' dir='ltr'>mutua</span> <span class='ocrx_word' id='word_1_364' title='bbox 1477 4840 1571 4906; x_wconf 88' lang='lat' dir='ltr'>euim</span> <span class='ocrx_word' id='word_1_365' title='bbox 1591 4841 1696 4926; x_wconf 86' lang='lat' dir='ltr'>magia</span> <span class='ocrx_word' id='word_1_366' title='bbox 1724 4836 1969 4920; x_wconf 78' lang='lat' dir='ltr'>vermilormia,</span> <span class='ocrx_word' id='word_1_367' title='bbox 1999 4862 2099 4926; x_wconf 90' lang='lat' dir='ltr'>quam</span> <span class='ocrx_word' id='word_1_368' title='bbox 2121 4843 2252 4910; x_wconf 81' lang='lat' dir='ltr'>viaidua</span> 
     </span>
    </p>
   </div>
   <div class='ocr_carea' id='block_1_6' title="bbox 591 5058 2252 5276">
    <p class='ocr_par' dir='ltr' id='par_1_10' title="bbox 591 5058 2252 5276">
     <span class='ocr_line' id='line_1_34' title="bbox 591 5058 2252 5184; baseline 0.001 -22"><span class='ocrx_word' id='word_1_369' title='bbox 591 5111 623 5181; x_wconf 82' lang='lat'>¹)</span> <span class='ocrx_word' id='word_1_370' title='bbox 639 5109 762 5166; x_wconf 80' lang='lat' dir='ltr'>Primum</span> <span class='ocrx_word' id='word_1_371' title='bbox 790 5108 898 5179; x_wconf 83' lang='lat' dir='ltr'>belgico</span> <span class='ocrx_word' id='word_1_372' title='bbox 915 5122 1039 5164; x_wconf 73' lang='lat' dir='ltr'>remoue·</span> <span class='ocrx_word' id='word_1_373' title='bbox 1054 5107 1097 5162; x_wconf 83' lang='lat' dir='ltr'>lut</span> <span class='ocrx_word' id='word_1_374' title='bbox 1126 5107 1305 5172; x_wconf 75' lang='lat' dir='ltr'>Nalm-ata</span> <span class='ocrx_word' id='word_1_375' title='bbox 1334 5101 1578 5184; x_wconf 64' lang='lat' dir='ltr'>&amp;methodiga</span> <span class='ocrx_word' id='word_1_376' title='bbox 1603 5103 1780 5166; x_wconf 71' lang='lat' dir='ltr'>Bibliotiei.</span> <span class='ocrx_word' id='word_1_377' title='bbox 1800 5103 1839 5164; x_wconf 79' lang='grc' dir='ltr'>Π.</span> <span class='ocrx_word' id='word_1_378' title='bbox 1865 5105 1903 5166; x_wconf 83' lang='lat' dir='ltr'>D.</span> <span class='ocrx_word' id='word_1_379' title='bbox 1921 5121 1960 5180; x_wconf 75' lang='lat'>5.-</span> <span class='ocrx_word' id='word_1_380' title='bbox 1973 5058 2064 5180; x_wconf 37' lang='lat'><strong>&amp;0¹9⁰</strong></span> <span class='ocrx_word' id='word_1_381' title='bbox 2077 5105 2141 5178; x_wconf 56' lang='lat' dir='ltr'>ffl-</span> <span class='ocrx_word' id='word_1_382' title='bbox 2157 5117 2252 5180; x_wconf 84' lang='lat' dir='ltr'>pattaa</span> 
     </span>
     <span class='ocr_line' id='line_1_35' title="bbox 646 5197 1379 5276; baseline -0.008 -20"><span class='ocrx_word' id='word_1_383' title='bbox 646 5219 755 5276; x_wconf 87' lang='lat' dir='ltr'>quoque</span> <span class='ocrx_word' id='word_1_384' title='bbox 774 5201 803 5254; x_wconf 85' lang='lat' dir='ltr'>iu</span> <span class='ocrx_word' id='word_1_385' title='bbox 822 5198 895 5252; x_wconf 83' lang='lat' dir='ltr'>llctia</span> <span class='ocrx_word' id='word_1_386' title='bbox 915 5197 1064 5256; x_wconf 80' lang='lat' dir='ltr'>Helveticia</span> <span class='ocrx_word' id='word_1_387' title='bbox 1084 5197 1153 5256; x_wconf 82' lang='lat' dir='ltr'>vot.</span> <span class='ocrx_word' id='word_1_388' title='bbox 1170 5197 1234 5256; x_wconf 81' lang='lat' dir='ltr'>vlt.</span> <span class='ocrx_word' id='word_1_389' title='bbox 1254 5214 1316 5272; x_wconf 81' lang='lat' dir='ltr'>pag.</span> <span class='ocrx_word' id='word_1_390' title='bbox 1334 5212 1379 5276; x_wconf 72' lang='lat'>59.</span> 
     </span>
    </p>
   </div>
   <div class='ocr_carea' id='block_1_7' title="bbox 0 0 2544 6276">
    <p class='ocr_par' dir='ltr' id='par_1_11' title="bbox 0 0 2544 6276">
     <span class='ocr_line' id='line_1_36' title="bbox 0 0 2544 6276; baseline 0 0"><span class='ocrx_word' id='word_1_391' title='bbox 0 0 2544 6276; x_wconf 95' lang='lat' dir='ltr'> </span> 
     </span>
    </p>
   </div>
  </div>
 </body>
</html>
