5036 6288
551 699 609 843 ²⁵¹.

552 879 587 939 in
591 875 744 937 letiorem
765 855 991 977 progrediens,
1006 865 1046 929 in
1068 863 1149 930 duos
1169 883 1289 932 ramas
1296 846 1468 992 dividitur,
1495 889 1640 961 quorum
1660 889 1750 938 unus
1771 873 1911 958 hepati·
1902 879 2064 958 inseritur,
2086 882 2166 946 alter
2187 899 2266 946 vero

554 1013 674 1058 venam
696 1009 808 1054 casem
836 988 1037 1086 superiorem
1066 989 1156 1068 petit.

635 1079 787 1174 lirioretn
807 1109 886 1167 hoc
892 1105 963 1168 loco
985 1102 1160 1174 emendare
1181 1125 1251 1168 non
1271 1108 1389 1169 inutile
1409 1101 1515 1170 milri
1503 1113 1630 1172 visum
1659 1123 1725 1186 est,
1748 1113 1887 1196 quern
1872 1129 1913 1178 ιιι
1932 1115 2146 1201 descriptione
2170 1119 2270 1200 hujus

555 1233 695 1295 monstri
721 1239 745 1292 ἰ
768 1229 937 1298 biccarum
971 1224 1005 1304 ¹)
1037 1213 1291 1288 co'mm'issum'
1280 1229 1408 1288 inveni.
1470 1229 1651 1290 Wacranus
1671 1232 1840 1293 nimirum
1866 1235 1904 1295 in
1934 1239 2049 1298 liiuseo
2076 1241 2271 1314 anatomico‚

555 1351 639 1452 quod
661 1347 770 1423 edidit,
791 1365 833 1406 ne
855 1357 927 1407 uno
944 1333 1085 1444 quideui
1101 1345 1238 1407 verbulo
1258 1345 1432 1424 adnotavit,
1455 1347 1676 1410 Btmuuaavu
1706 1362 1798 1411 antea
1816 1349 1953 1430 jamjam
1975 1356 2086 1437 ipsum
2109 1357 2199 1417 hunc
2225 1356 2271 1417 ies

554 1485 629 1536 tum
656 1471 694 1531 in
723 1449 1087 1564 Aniarradversionibus¹
1102 1469 1167 1527 suis
1194 1467 1384 1527 anatomicis
1414 1447 1635 1547 descripsisse,
1678 1487 1757 1528 cum
1794 1471 1830 1530 in
1860 1471 1930 1535 aliis
1966 1475 2090 1535 casibus
2123 1487 2271 1536 accurate

553 1599 705 1662 notasset,
725 1607 790 1668 quo
812 1585 935 1645 facturas
957 1597 1021 1660 est,
1046 1595 1087 1646 ut
1108 1582 1229 1665 duplici
1245 1585 1309 1646 hac
1330 1585 1430 1645 unius
1452 1583 1664 1666 ejusdemque
1681 1585 1850 1651 individui
1871 1590 2087 1676 descriptione
2105 1593 2271 1672 inductas,

553 1711 611 1776 vir
553 1709 683 1776 ville
707 1681 912 1775 Clarissimus
934 1702 1087 1790 crederet,
1109 1701 1251 1796 duplices
1273 1704 1373 1770 luisse
1392 1723 1482 1776 casus
1504 1705 1567 1768 sibi
1586 1705 1786 1774 simillimos.

549 2039 554 2050 ’
652 2067 654 2074 -
737 2021 758 2096 ᾗ
839 2004 1471 2104 f„1·.132·.2.„d.4s.

620 2161 736 2245 'Anas
757 2175 973 2276 memorabile
995 2145 1187 2260 diremptum
1211 2171 1285 2238 'vitii
1312 2177 1348 2236 in
1378 2155 1449 2238 istu
1473 2185 1571 2238 sexus
1592 2175 1768 2258 sequioris,
1793 2191 1919 2261 septem
1941 2178 2065 2243 circiter
2079 2184 2271 2247 mensium

548 2301 645 2380 (Tab.
668 2300 736 2376 IV.)
780 2277 880 2358 Natus
897 2309 950 2358 est
970 2314 1057 2358 anno
1079 2293 1180 2374 hujus
1201 2293 1321 2358 saeculi
1349 2295 1444 2358 llVll.
1467 2294 1641 2405 Brackelii‚
1672 2297 1827 2377 oppido
1818 2317 1853 2358 ιιι
1877 2301 2070 2382 Episcopatu
2096 2302 2271 2366 Padcrbor·

550 2420 646 2483 nonai
668 2415 913 2497 parentibus„
876 2399 994 2476 evenis.
1016 2415 1107 2510 Nilril
1131 2417 1209 2476 certi
1227 2428 1362 2515 constat,
1381 2428 1496 2477 utrum
1519 2418 1636 2489 vivus‚'
1657 2432 1697 2474 an
1721 2405 1877 2478 morianas
1901 2420 1934 2476 in
1957 2419 2068 2480 luceru
2091 2420 2199 2482 editus
2219 2423 2272 2499 sit,

551 2556 658 2615 reque
680 2537 761 2596 circa
779 2531 984 2616 ''grariditatis
1013 2547 1045 2597 et
1072 2545 1182 2649 partus
1209 2527 1386 2598 decursum
1415 2533 1535 2616 aliquid
1563 2524 1789 2646 conspertum
1791 2535 1935 2612 habeo,
1945 2537 2034 2618 qaod
2057 2539 2273 2603 uehementer

549 2655 658 2744 lugeo.
685 2686 728 2706 --

635 2773 752 2854 Longit
741 2771 819 2831 tudo
838 2793 855 2833 a
874 2774 994 2834 vertice
1014 2761 1053 2832 ad
1074 2783 1165 2834 nates
1185 2789 1290 2852 usque
1310 2769 1375 2853 65⁷3
1396 2792 1427 2854 p.
1456 2771 1551 2853 peris'.
1571 2773 1688 2853 explet.
1736 2771 1847 2855 Caput
1871 2773 2109 2837 brevissimum
2133 2777 2175 2837 ad
2195 2776 2272 2839 dex·

547 2899 641 2951 ιιιιιιι
662 2871 845 2979 humerum·
866 2888 960 2950 varas
976 2863 1174 2966 inclinauit}
1191 2893 1233 2951 ita
1256 2903 1294 2951 ut
1316 2891 1400 2952 auris
1418 2890 1563 2952 humero
1578 2891 1731 2971 proxima
1751 2892 1810 2953 siu
1834 2895 1906 2954 Pars
1921 2893 2024 2953 cranii
2039 2911 2181 2954 convexa
2199 2913 2275 2956 ver-.

448 3089 450 3092 Ι
546 3030 603 3071 sris
622 2987 719 3075 'basin
737 3009 881 3089 depressa
905 3021 971 3083 est;
1016 2999 1227 3091 singulorum
1256 3009 1379 3072 ossium
1399 3001 1637 3085 conformatio,
1659 3021 1773 3089 -postsa
1802 3012 1981 3072 accuratius
2004 3009 2227 3085 describenda,
2251 3003 2287 3074 a'

549 3143 669 3192 natura
694 3129 842 3192 maximo
866 3112 1032 3206 abliorret3
1056 3129 1141 3188 cutis
1172 3128 1282 3210 capitis
1305 3127 1427 3207 capillis
1448 3126 1608 3188 brunneis
1630 3138 1676 3186 sat
1702 3126 1807 3210 longis
1825 3130 1999 3212 obtegitur.
2050 3130 2155 3211 :Supra
2183 3149 2271 3192 mar·

547 3247 662 3328 gineru
680 3244 855 3304 orbitalem
877 3233 1032 3306 dextrum
1052 3245 1195 3306 sacculus
1217 3261 1275 3324 per
1297 3245 1398 3305 cranii
1427 3253 1495 3306 ossa
1518 3256 1613 3330 atque
1633 3247 1739 3306 cutim
1762 3247 1941 3326 capillatam
1955 3267 2106 3330 egressus
2126 3268 2144 3307 a
2163 3248 2271 3309 fronte

546 3364 583 3426 in
606 3362 723 3424 faciem
744 3363 924 3444 propendet
944 3365 1147 3446 oculumque
1169 3362 1323 3423 doxtnun
1342 3362 1437 3442 prlane
1456 3352 1631 3430 abscondit.
1668 3362 1836 3427 Fornratus
1857 3378 1905 3426 est
1919 3384 1944 3432 ,e
1966 3365 2088 3426 cerebri
2100 3365 2271 3426 membra-

546 3481 619 3558 nis,
643 3479 775 3540 inferne
795 3494 943 3560 apertus,
970 3473 1069 3564 septo*
1095 3459 1290 3542 tenuissimo
1315 3499 1376 3562 per
1395 3482 1640 3565 longitudinem
1669 3484 1707 3544 in
1727 3481 1806 3544 duas
1828 3498 1932 3569 partes
1951 3481 2103 3562 divisus,
2130 3503 2273 3566 quarum

544 3603 679 3681 quaevis
699 3598 735 3658 ad
749 3599 851 3658 cranii
871 3579 1043 3662 cavitatem
1056 3599 1156 3672 ducit,
1179 3617 1260 3680 qaae
1278 3600 1345 3680 ipsa
1359 3601 1398 3662 err
1416 3589 1659 3681 tuanimaparte
1682 3619 1780 3662 scaeua
1797 3599 1984 3678 offenditur,
1999 3615 2084 3664 ‘cum
2098 3603 2271 3665 cerebrum

546 3717 657 3780 forsan
677 3717 846 3798 paullatim
873 3715 1046 3785 essluxerit.
1089 3717 1164 3802 Quo
1186 3717 1257 3778 loco
1280 3719 1424 3780 sacculus
1454 3719 1554 3780 cranii
1574 3721 1746 3778 cavitatem
1766 3722 1944 3804 egreditur,
1972 3722 2161 3802 ubicunque
2192 3738 2272 3782 cum

546 3850 623 3898 cute
641 3835 786 3914 capillata
809 3849 979 3906 concretus
1004 3850 1061 3913 est,
1075 3837 1207 3898 ‘inferne
1227 3835 1319 3918 plicis
1342 3855 1359 3898 s
1381 3851 1454 3897 eure
1472 3831 1623 3896 vformatis
1641 3849 1673 3897 et
1688 3835 1760 3897 alae
1780 3841 1849 3898 nasi
1869 3838 1998 3898 dextrae
2010 3849 2044 3895 at
2060 3837 2179 3916 angulo
2205 3837 2272 3896 oria

550 3954 741 4016 adnectitur
783 3949 916 4014 Orbitas
947 3957 1085 4036 quidem
1107 3955 1225 4016 adsunt
1241 3955 1326 4016 duae
1350 3954 1511 4034 palpebris
1540 3951 1721 4027 clausae,
1712 3973 1747 4011 ιιι
1771 3961 2033 4032 utraqueautem
2051 3950 2164 4009 nullas
2183 3948 2269 4009 oculi

548 4073 669 4136 bulbus
683 4069 858 4152 reperitur,
879 4071 999 4148 dextra,
1017 4089 1153 4174 urgente
1174 4074 1421 4176 cerebriherpia
1435 4069 1582 4152 depressa
1598 4083 1631 4131 et
1649 4079 1801 4129 coarctata
1816 4079 1881 4144 est,
1906 4067 2102 4148 ceteroquin
2121 4067 2185 4128 sub
2203 4084 2271 4127 sac·

548 4193 623 4255 culo
649 4189 843 4254 abscondita.
887 4191 992 4252 Nasus
1019 4195 1260 4275 complanatus,
1281 4192 1414 4254 narium
1437 4189 1564 4250 sinistra
1583 4187 1698 4247 locam
1718 4186 1827 4245 dextre
1848 4184 2041 4250 inferiorem
2062 4198 2162 4258 tenet,
2190 4203 2271 4264 quae

546 4311 725 4374 exilissima
745 4321 805 4381 est,
834 4305 872 4368 ad
892 4309 1038 4371 canalem
1057 4331 1135 4373 vero
1156 4311 1301 4372 nasalem
1323 4309 1451 4371 aditum
1471 4307 1610 4391 praebet.
1652 4305 1821 4369 Praeterea
1839 4325 1970 4389 quoque
1991 4305 2140 4366 foramen
2158 4303 2272 4364 insoli-

547 4431 682 4490 sumin
695 4427 748 4487 ala
768 4428 839 4486 nasi
861 4425 984 4504 dextra,
1005 4428 1095 4507 juxta
1113 4431 1237 4512 plicam
1258 4431 1338 4491 sacci
1361 4429 1507 4490 herniosi
1528 4440 1621 4490 antea
1637 4440 1939 4487 commemoratam
1960 4419 2124 4499 positum,
2154 4419 2192 4481 ad
2213 4440 2270 4482 na·

547 4550 639 4612 rium
658 4546 828 4606 cavitatem
850 4546 948 4607 ducit.
989 4549 1129 4608 Labium
1148 4550 1295 4629 superius
1317 4567 1356 4607 ex
1377 4550 1523 4620 nranima
1543 4560 1632 4628 parte
1654 4545 1774 4620 deiiciu
1798 4541 1969 4600 francium
1994 4556 2074 4598 vero
2090 4537 2185 4601 adest
2206 4560 2270 4621 quo

548 4666 697 4752 gingivae
724 4661 886 4728 adhaeret,
949 4667 1117 4728 Processus
1143 4666 1309 4728 alveolaris
1337 4668 1487 4728 niaxiliae
1514 4663 1687 4744 superioris
1715 4658 1842 4718 formae
1865 4654 2053 4730 abnormis,
2080 4654 2167 4734 justo
2189 4675 2271 4719 cras·

548 4788 625 4861 sior,
646 4800 812 4865 processus
832 4781 990 4865 palatinus
1012 4782 1160 4863 ejusdcm
1183 4786 1261 4847 ossis
1283 4798 1316 4846 et
1338 4803 1374 4844 os
1396 4782 1580 4862 palatinum
1601 4777 1712 4857 ipsum
1737 4792 1807 4834 non
1830 4773 1899 4833 fissa
1914 4773 2054 4854 quidem
2082 4772 2138 4834 aed
2167 4774 2273 4854 pluri-¹

547 4903 610 4968 bus
631 4901 729 4968 sulcis
751 4901 1017 4985 profundioribus
1036 4901 1203 4987 depravata
1218 4902 1436 4987 reperiuntur.
1478 4897 1638 4988 Linguae
1656 4891 1799 4961 naurdi
1819 4889 1929 4957 forma
1947 4889 2038 4955 haud
2057 4889 2171 4961 aliem
2190 4893 2272 4955 'Au-

1713 5026 1715 5038 '
2151 5039 2154 5048 ’
2219 5025 2272 5074 m

618 5283 648 5353 ¹)
669 5281 688 5334 l.
708 5299 731 5336 c.
750 5299 810 5354 pag.
830 5297 890 5355 250.
906 5309 942 5329 .-
