5064 6286
821 837 952 926 Species
972 833 1082 900 altera.
1134 833 1211 900 Cum
1233 833 1303 914 taliis
1323 830 1573 1004 conformationis
1596 836 1750 902 erroribus
1772 837 1964 923 complicata.

1250 993 1508 1088 ἰιι

474 1265 478 1279 Ι
549 1181 733 1266 Duo,
721 1177 759 1242 ni
776 1177 884 1253 lallor,
905 1177 1004 1258 buius
1025 1145 1142 1260 speciei
1162 1176 1351 1262 exempla
1333 1180 1488 1271 eaistunt.
1527 1157 1683 1275 Primum
1705 1201 1723 1242 a
1742 1181 1959 1244 Vavaouutao
1972 1180 2182 1246 observatum
2206 1196 2256 1248 eat

534 1313 568 1366 et
592 1299 628 1362 itt
656 1299 747 1364 Actis
767 1299 922 1362 Parisinis
944 1299 1079 1384 legitur,
1105 1297 1137 1377 ¹)
1177 1297 1354 1368 accuratius
1382 1311 1494 1358 tantan
1521 1263 1607 1358 hunc
1633 1297 1741 1362 letum
1768 1300 1968 1382 descriptum
1988 1299 2110 1363 vellem
2169 1297 2255 1364 ocd-

530 1419 660 1484 atteetris
683 1417 747 1480 luit
772 1417 891 1500 absque
916 1418 1003 1481 vitae
1023 1419 1116 1502 signo
1137 1429 1252 1494 natus,
1276 1417 1428 1497 quamvis
1455 1417 1633 1510 incipiente
1655 1433 1763 1502 portua
1791 1420 1900 1482 labore
1929 1433 2042 1481 motus
2062 1421 2256 1504 entbtyonie

531 1550 671 1604 amatre
689 1537 831 1622 percepti
851 1535 1001 1602 fuissent
1039 1537 1115 1619 Vara
1137 1555 1285 1634 magns
1274 1537 1378 1598 cordia
1399 1555 1456 1624 per
1475 1544 1697 1626 aperturam
1677 1560 1710 1597 ιιι
1727 1540 1888 1612 anteriore
1909 1551 1941 1600 et
1963 1539 2076 1629 infima
2096 1540 2169 1608 colli
2186 1560 2255 1623 par·

530 1669 565 1725 te
582 1655 744 1730 hiantem,
766 1673 783 1716 e
805 1655 943 1762 thoracis
965 1655 1098 1748 cavitate
1119 1652 1158 1719 sd
1179 1673 1234 1719 cor
1262 1653 1487 1742 confluebant,
1513 1655 1632 1742 quod
1623 1675 1735 1738 tpsum
1754 1658 1788 1718 irt
1810 1672 1941 1742 externa
1967 1659 2106 1774 pectoris
2119 1648 2259 1756 superli-

531 1777 585 1843 cie
592 1774 778 1858 conspectui
800 1792 870 1840 sese
888 1773 1059 1862 praebebat
1080 1785 1113 1834 et
1127 1773 1209 1834 vasis
1224 1771 1317 1836 illis'
1308 1787 1351 1836 tta
1373 1788 1439 1840 erat
1451 1791 1664 1878 suspensum,
1679 1790 1716 1836 ιιι
1736 1776 1921 1858 pendulum
1939 1758 2004 1886 buc
2019 1779 2076 1884 ιιι
2086 1777 2165 1869 illuc
2180 1797 2252 1840 mo

531 1895 600 1962 veri
629 1907 746 1978 posset
788 1893 945 1984 Founttm
974 1905 1129 1981 ceterum
1148 1891 1333 1984 naturalem
1359 1871 1655 1996 praeseferebat,
1675 1893 1852 1975 pericardio
1877 1869 2004 1955 tamen
2009 1915 2140 2004 ιιιοιιιιι
2162 1882 2260 1999 care'

530 2015 596 2080 bat.
634 2013 684 2076 De
704 2012 835 2094 reliquia
863 2009 961 2090 hujus
987 2009 1073 2074 fetus
1101 2007 1372 2086 deformitatibus,
1393 2029 1454 2072 nec
1472 2012 1584 2074 minus
1600 2011 1639 2073 de
1661 2013 1731 2092 ejus
1743 2031 1822 2072 sexu
1842 2012 1932 2072 nulla
1947 2011 2077 2075 mentio
2094 2009 2176 2076 facta
2196 2025 2253 2076 eat

532 2131 828 2200 verosimillimum
848 2129 934 2194 mibi
956 2141 1069 2192 tamen
1088 2127 1218 2191 videtur
1240 2145 1366 2192 oeream
1388 2129 1526 2195 thoracis
1550 2147 1744 2216 compagem
1766 2129 1977 2192 incolumem
2001 2128 2110 2192 luisse.

1317 2457 1359 2543 tia
1406 2469 1457 2543 aa

541 2649 545 2656 ·
602 2631 726 2700 'etun
739 2633 919 2698 observatio
932 2629 1086 2696 Scarnzu
1099 2629 1136 2711 ²)
1153 2641 1212 2706 eat,
1227 2643 1329 2713 eaque
1342 2631 1521 2696 accuratius
1533 2629 1681 2695 instituta
1694 2631 1730 2713 in
1745 2629 1815 2698 letu
1825 2651 1942 2716 terena
1953 2647 2043 2710 nato,
2058 2651 2154 2698 sexus
2163 2633 2253 2715 poti·

531 2754 609 2833 orit,
626 2755 682 2838 qul
694 2753 878 2816 naturalem
892 2749 1158 2836 magnitudinem
1172 2749 1436 2832 praeseferebat,
1450 2763 1483 2814 et
1500 2768 1559 2832 per
1575 2751 1723 2834 quinqua
1736 2753 1832 2816 boras
1853 2754 1924 2816 aine
1943 2754 2012 2814 ullo
2028 2767 2140 2816 tamen
2154 2752 2255 2816 elatae

525 2849 621 2936 =vocis
639 2874 733 2958 tigno
753 2872 942 2934 miserrima
959 2871 1027 2933 vita
1045 2887 1124 2932 utus
1146 2881 1204 2930 eat.
1223 2867 1289 2933 Cot
1303 2869 1474 2952 legitimae
1488 2870 1608 2954 figurae
1629 2871 1716 2934 infra
1729 2884 1763 2934 et
1781 2890 1867 2954 pone
1879 2885 2107 2934 mucronatam
2130 2870 2254 2932 cartila-

532 2995 646 3078 ginem
670 2991 709 3056 ad
733 2991 890 3054 exteriora
909 3010 968 3074 per
989 2990 1095 3052 cotim
1118 2999 1187 3052 erat
1206 3006 1387 3072 egressum,
1407 2987 1569 3054 incolumi
1591 3003 1706 3069 tameat
1720 2991 1849 3054 thorace
1870 2987 1988 3073 etssipso
2001 2989 2253 3077 diaphragmata.

527 3111 852 3189 resonatresonat,
861 3111 1093 3194 aplseaudtnm
1101 3119 1134 3168 et
1148 3104 1279 3187 oblique
1290 3106 1515 3172 sinistrorsum
1530 3110 1703 3192 spectabat,
1714 3109 1857 3172 auricula
1866 3107 1988 3186 deutra¹
1995 3121 2174 3194 retrorsum
2188 3118 2254 3172 erat

528 3228 679 3302 reclinata
701 3243 800 3311 atque
819 3229 927 3310 hepati
949 3225 1095 3292 amunia.
1137 3223 1244 3290 Corde
1263 3223 1449 3307 paullulum
1469 3225 1606 3306 elevato,
1626 3245 1731 3292 aenas
1752 3247 1859 3300 tavae,
1880 3240 1980 3302 aorta,
1996 3227 2112 3288 arteria
2142 3237 2175 3287 et
2193 3241 2248 3287 ve·

530 3347 821 3430 ttae-pulmonales
836 3343 1136 3428 mospiciebatitun
1161 3363 1242 3427 quae
1255 3362 1337 3412 ,vata
1357 3345 1418 3407 sub
1439 3345 1593 3427 xiphoids
1617 3365 1768 3429 processu
1799 3345 1965 3408 thoracem
1987 3345 2167 3414 intrabant,
2191 3343 2253 3406 tela

528 3461 680 3529 selluloea
701 3483 738 3530 ac
756 3463 1006 3549 diaphragmatia
1025 3463 1177 3546 portione
1193 3461 1246 3524 tali
1270 3462 1372 3526 modo
1403 3463 1645 3542 circumvelata,
1668 3476 1708 3528 ιιι
1728 3463 1793 3546 ipae
1813 3463 1951 3546 pectoris
1973 3463 2089 3524 cavitas
2111 3462 2252 3526 omnino

527 3581 631 3648 alausa
650 3575 842 3668 adp'aruerit.
885 3581 1083 3646 Abdominia
1113 3600 1244 3664 quoque
1274 3583 1396 3647 viscera
1424 3583 1533 3648 infans
1560 3583 1771 3648 miserrimus
1803 3579 1904 3648 effusa
1925 3582 2049 3646 babuit.
2090 3581 2176 3646 lnlra
2198 3597 2253 3642 cor

526 3705 693 3766 nimirum
715 3699 815 3786 hepar
835 3719 1019 3786 maguum,
1047 3700 1192 3764 formam
1215 3700 1344 3772 avalun
1365 3703 1585 3776 caniformem
1606 3702 1766 3769 exbibens
1785 3705 1933 3786 positum
1956 3715 2045 3780 erat,
2074 3701 2252 3784 ligamento

527 3825 735 3904 mapensorlo
767 3835 837 3882 nott
867 3816 1020 3894 affixum
1062 3820 1099 3882 in
1118 3821 1295 3893 ,cinianum
1314 3835 1441 3887 «autem
1473 3823 1557 3895 latua
1593 3821 1790 3898 inclinabat,
1815 3821 1970 3884 duodeno
2004 3819 2123 3878 intime
2152 3813 2252 3874 adue·

527 3953 631 4023 sumt
676 3939 827 4004 vesicula·
845 3939 937 4000 fellea
968 3939 1161 4011 eaillsaima,
1183 3941 1300 4005 duetus
1316 3939 1548 4008 ¹choledocbus
1580 3941 1670 4016 iusto
1700 3936 1818 4012 maior.
1859 3929 2059 3997 Urnbilicalie
2082 3926 2252 3996 funiculus

526 4072 726 4124 consuetum
746 4071 823 4142 prae
842 4075 878 4119 ee
898 4056 1021 4120 ferebat
1036 4057 1206 4132 babitumt
1235 4078 1320 4122 vena
1345 4057 1383 4120 in
1403 4055 1525 4123 dextro,
1537 4055 1638 4126 latere
1660 4053 1722 4124 aab
1744 4053 1858 4132 hepate
1878 4051 1918 4114 ad
1935 4047 2050 4114 sitium
2070 4065 2252 4138 vertutum,

524 4167 664 4242 arteriae
680 4169 717 4242 in
735 4179 898 4242 abdomen
922 4179 1101 4241 currebant.
1145 4177 1218 4240 ileu
1247 4173 1504 4238 succenturiatus
1531 4173 1567 4231 in
1596 4169 1695 4234 latere
1718 4169 1831 4232 dextro
1849 4169 1959 4235 nudus
1983 4137 2080 4248 atque
2110 4177 2158 4228 rat
2182 4180 2250 4226 ma·

523 4308 627 4380 grute,v
651 4299 725 4365 re'rti
749 4306 819 4360 ιἰιιιι
839 4297 1025 4361 adhaerens,
1068 4293 1275 4360 Ventriculus
1293 4305 1332 4354 ex
1353 4291 1501 4358 maxima
1521 4299 1611 4370 parte
1634 4289 1697 4354 sub
1721 4285 1836 4372 hepate
1854 4290 1962 4366 latuit,
1982 4284 2036 4346 cui
2057 4300 2098 4344 ex
2120 4281 2251 4344 sinistro
2365 4329 2370 4338 .

522 4407 621 4478 latere
639 4415 719 4495 lien,
738 4417 1003 4499 concreatricem
1024 4409 1400 4487 eedcraastaeadcubuit.
1435 4407 1726 4478 'luteatinatsnttia
1744 4425 1875 4490 proram
1895 4405 1984 4466 nuda
2001 4399 2148 4475 luerunt,
2170 4417 2250 4464 cum
2340 4456 2346 4478 ,

521 4535 650 4598 omenti
672 4538 818 4602 meiinta'
835 4527 910 4620 pais
927 4533 1177 4600 desiderantum
1219 4526 1315 4592 culon
1341 4527 1378 4590 in
1400 4529 1534 4614 regione
1548 4528 1732 4595 umbilicali
1749 4521 1936 4587 abdominis
1955 4539 2084 4601 ιιιιιιιιιιΙ
2098 4519 2249 4582 intrabat.

603 4653 716 4718 Hiatus
737 4657 1045 4740 integumentorum
1068 4645 1252 4710 abdominis
1279 4663 1387 4716 ovmn
1412 4640 1863 4740 anserinumltttagni'ttaditta
1888 4641 2060 4724 aequabat,
2090 4636 2249 4721 acartila·

585 4906 1227 4982 1)lllernotretdal'AcademiedetStienpet.
1248 4909 1340 4964 Annia
1360 4909 1538 4966 unccxu.
1575 4911 1646 4967 ilitt.
1667 4925 1726 4980 pag·
1747 4924 1792 4978 ιι.

579 5029 611 5104 2)
630 5027 829 5098 Abbamllung.
851 5027 879 5078 d.
899 5024 1035 5098 Koeuigl.
1059 5027 1180 5080 Stltuwd.
1207 5027 1296 5088 Atat.
1315 5029 1344 5086 d.
1367 5029 1605 5104 Wirteattrbasteat
1624 5029 1715 5086 utera.
1734 5047 1762 5084 ta.
1787 5023 1970 5088 limam.
1996 5019 2054 5099 atras
2069 5019 2098 5077 d.
2122 5015 2249 5092 J.1763·
2288 5095 2292 5102 ι

627 5136 662 5190 25
681 5121 733 5173 dd.
755 5115 838 5188 1766.
857 5119 912 5172 m.
931 5117 957 5170 S.
980 5125 1024 5184 28.
1044 5139 1078 5180 ιιι,
1091 5123 1180 5174 sinent
1197 5120 1238 5182 K.
