5064 6286
500 629 560 728 ad

579 827 690 896 Multo
710 824 817 914 magis
834 821 874 890 ad
895 835 1049 888 naturam
1069 842 1141 907 pare
1163 823 1303 888 thoracis
1321 819 1431 887 dextra
1454 817 1659 886 conformata
1680 833 1747 902 est,
1768 821 1903 907 eiusque
1926 826 2043 890 carius
2063 826 2139 892 satis
2158 809 2231 912 spa·

501 951 583 1018 tiosr
608 947 786 1029 offenditur
816 957 914 1028 prout
934 943 1135 1025 pulmonem
1164 943 1250 1004 tueri
1279 943 1390 1025 possit.
1431 944 1577 1006 Unicum
1598 943 1721 1004 vitium
1743 943 1778 1004 ira
1808 961 1847 1004 eo
1869 943 1977 1008 iorsan
2004 947 2149 1028 positum
2169 957 2231 1022 est,

503 1069 592 1154 quod
612 1069 733 1132 viscera
752 1063 868 1141 effusa,
889 1062 987 1144 hepar
1006 1061 1198 1143 praeprimis
1220 1059 1304 1122 banc
1325 1061 1461 1123 thoracis
1483 1073 1609 1142 partem
1633 1061 1842 1124 dextrorsum
1864 1061 2108 1146 aliquantulum
2127 1083 2231 1145 pepn.

504 1189 620 1262 lerint;
643 1188 688 1247 ita
708 1197 746 1246 ut
765 1193 931 1256 eternum,
948 1191 981 1242 et
1003 1179 1116 1260 ipsum
1135 1178 1307 1256 vitiosum,
1330 1179 1504 1242 columnae
1521 1178 1640 1242 doraali
1660 1198 1729 1242 non
1754 1197 1793 1242 ert
1811 1179 1946 1244 adverso
1967 1182 2009 1244 sit
2029 1183 2230 1264 oppositum,

505 1325 626 1370 veram
647 1302 687 1366 ad
709 1301 863 1385 pollicem
885 1315 990 1380 usque
1011 1296 1191 1386 dimidium
1213 1295 1253 1360 ab
1281 1315 1320 1359 eo
1341 1298 1513 1360 secesserit.
1557 1296 1759 1360 claviculam
1784 1296 1932 1360 dextram
1953 1302 2078 1380 optime
2105 1296 2230 1362 forma.

505 1435 575 1491 tam
595 1440 683 1498 esse,
703 1418 772 1500 iam
795 1436 890 1499 supra
912 1417 1045 1491 monui,
1063 1415 1154 1477 idem
1176 1413 1243 1476 lere
1265 1414 1306 1478 de
1327 1417 1596 1496 costis,quarum
1616 1415 1735 1478 ultima
1755 1434 1889 1500 prorsus
1910 1415 2127 1493 desideratur,
2146 1412 2232 1480 affir.

504 1558 597 1606 mare
617 1557 766 1624 possum.
806 1537 964 1600 Sternum
989 1534 1253 1616 cartilaginosum
1274 1534 1311 1594 in
1330 1535 1479 1618 margine
1507 1535 1676 1596 manubrii
1695 1535 1863 1618 superiore
1879 1535 2003 1612 justam
2032 1535 2102 1598 iera
2119 1535 2232 1598 latitu-

506 1659 621 1724 dinem
636 1675 713 1740 prae
732 1675 766 1720 ae
788 1653 929 1728 ietebat,
944 1651 983 1714 ad
1003 1651 1197 1714 inferiorem
1226 1670 1303 1714 vero
1324 1665 1451 1734 partem
1478 1653 1604 1716 sensim
1634 1653 1823 1734 sensimque
1849 1653 2019 1736 angustius
2044 1653 2233 1736 procedens,

444 1729 482 1862 ,ζ
506 1795 587 1843 ctam
608 1787 772 1838 costarum
793 1789 946 1834 aerarum
970 1769 1208 1852 cartilaginibus
1229 1752 1349 1832 intime
1372 1771 1500 1833 coaluit.
1543 1773 1632 1834 lratcr
1651 1782 1800 1852 quartam
1815 1785 1911 1851 atque
1929 1783 2232 1836 textamcoatartttn

506 1911 661 1957 verarum
685 1889 908 1974 cartilaginem
937 1887 1117 1949 ossiculum
1146 1887 1341 1970 trigonum,
1359 1886 1425 1968 (d)
1451 1888 1611 1971 planum,
1633 1887 1762 1975 anguia's
1790 1887 1916 1956 obtutis
1943 1889 2232 1975 circumscriptum

507 2024 619 2082 uerno
638 2007 826 2088 admmbtt,
840 2005 902 2070 tela
918 2005 1071 2068 celluloaa
1086 2003 1158 2070 larse
1177 2005 1337 2070 adfixum.

1308 2187 1434 2270 stc
1550 2283 1555 2292 ,

590 2363 632 2430 la
651 2361 736 2426 collo
753 2379 873 2448 magna
896 2361 1045 2446 partiam⁴
1057 2359 1257 2444 perversitas·
1276 2379 1353 2422 non·
1372 2373 1420 2424 est
1443 2361 1589 2426 inventa.
1645 2358 2042 2438 Sternocleidomastoi'dei
2071 2360 2233 2446 ceterique

507 2482 654 2548 musculi
673 2502 692 2546 a
713 2496 825 2544 sterno
843 2482 918 2544 aliar
937 2475 1080 2554 oriundi,
1099 2478 1262 2540 claviculis
1283 2481 1375 2542 infixi
1395 2493 1495 2556 eum,-
1508 2493 1604 2560 atque
1621 2479 1657 2540 in
1679 2480 1777 2542 latere
1796 2479 1909 2542 dextro
1930 2481 2081 2544 fortiores
2102 2480 2232 2542 inveni·

508 2613 613 2664 antur
642 2619 744 2684 qaam
774 2601 812 2666 ira
830 2599 987 2678 sinistro,
1017 2597 1107 2659 unde
1129 2597 1240 2679 capitis
1260 2597 1429 2658 inclinatio
1451 2598 1489 2658 ad
1510 2599 1606 2658 istam
1628 2612 1754 2680 partem
1782 2597 1961 2679 repetentia·
1978 2598 2063 2659 mihi
2091 2595 2232 2668 videtur,

508 2719 637 2800 Larynx
655 2729 688 2780 et
705 2716 860 2801 glandule
875 2715 1059 2798 thyreoirlea
1080 2711 1193 2776 locum
1214 2727 1330 2775 teneret
1349 2727 1567 2797 consuetum3
1590 2716 1713 2778 trachea
1739 2714 1825 2776 inira
1856 2716 2021 2776 sinistram
2041 2716 2233 2778 claviculam

509 2835 684 2912 bifurcata,
714 2833 755 2898 ad
781 2848 963 2916 utrumque
981 2832 1179 2916 pulmonem
1207 2850 1339 2897 reanum
1364 2833 1543 2895 emittebat.
1584 2833 1707 2896 Pulmo
1737 2833 1865 2894 sinister
1893 2845 1982 2896 extre
2008 2845 2121 2916 pectus
2149 2851 2232 2914 pen·

509 2953 603 3030 dens,
622 2971 685 3015 nec
705 2953 743 3014 in
765 2952 857 3014 loboa
875 2949 1009 3029 divisus,
1031 2968 1092 3012 nec
1110 2949 1221 3032 pleura
1239 2950 1385 3030 retatus,
1397 2970 1517 3014 verum
1538 2951 1778 3026 teretiusculus,
1799 2951 2013 3026 caniformis„
2032 2951 2232 3016 membrana

507 3071 549 3134 ab
570 3071 676 3136 hiatus
699 3071 849 3155 margine
867 3067 1004 3132 munda
1027 3069 1201 3131 investitur
1230 3069 1446 3150 conspicitur,
1472 3087 1553 3151 quae
1575 3068 1614 3131 ab
1637 3068 1790 3130 inieriore
1803 3069 1971 3150 pulmonis
1992 3083 2084 3156 parte
2104 3086 2233 3154 proces·

507 3205 587 3254 aum
607 3187 782 3252 cruciatum
806 3189 947 3272 emittit;
987 3185 1105 3270 pulmo
1124 3184 1237 3250 dexter
1258 3188 1295 3250 io
1314 3186 1453 3270 pectoris
1471 3187 1607 3250 cavitate
1627 3187 1814 3248 reconditus
1834 3186 1928 3266 jacet,
1957 3187 2070 3270 pleura
2090 3189 2234 3255 circum·

507 3305 653 3382 aelatus,
667 3307 705 3368 in
726 3319 864 3388 quatuor
884 3305 977 3370 loboa
999 3303 1139 3368 divisus.

590 3438 656 3504 co:
676 3439 760 3500 vasis
783 3439 966 3520 majoribus
983 3437 1147 3518 adfixum,
1174 3459 1244 3506 non
1267 3439 1378 3506 solum
1396 3437 1601 3526 pericardio,
1621 3439 1862 3509 verumetiam
1881 3435 2038 3524 peculiari
2064 3424 2191 3506 sacculo
2213 3461 2233 3508 a

506 3555 703 3620 membrana
723 3555 791 3636 jam
811 3557 932 3639 pluries
951 3556 1076 3620 laudata
1096 3557 1236 3621 formato
1261 3558 1441 3635 inclusum,
1470 3559 1667 3622 horizontali
1688 3562 1755 3624 ritu
1776 3561 1967 3645 prominet,
1991 3563 2034 3624 ita
2049 3553 2094 3624 'ut
2114 3578 2233 3626 mucro

506 3685 711 3748 antrorsum,
728 3674 813 3736 basis
832 3693 947 3738 versus
967 3675 1100 3758 apinam·
1115 3675 1276 3741 doraum
1294 3691 1427 3762 spectet.
1467 3678 1628 3742 Formam
1644 3677 1744 3760 buius
1766 3680 1898 3744 visceris
1920 3695 2111 3758 externam,
2139 3698 2233 3762 prae·

505 3801 557 3854 ter
579 3792 739 3854 auriculae
762 3791 851 3872 justo
866 3792 1029 3877 longiores
1052 3808 1085 3855 at
1105 3797 1325 3878 angustiores,
1339 3800 1523 3862 naturalem
1545 3800 1683 3876 inceni3¹
1697 3799 1826 3860 interna
1850 3813 1961 3860 tanren
1983 3809 2155 3870 structura,
2178 3814 2233 3858 va·

506 3925 690 3990 eorumque
717 3909 885 3992 dispositio
906 3911 1092 3994 complures
1122 3913 1356 3979 abnormitates
1384 3931 1576 3981 memoratu
1593 3917 1802 3998 dignissimas
1816 3913 1901 3974 mihi
1924 3911 2052 3972 obtulit.
2095 3911 2233 3976 Atrium

505 4023 661 4088 &aarum
682 4027 870 4090 admodum
885 4025 1061 4090 dilatatum
1075 4049 1145 4092 non
1165 4031 1277 4094 aolurn
1298 4035 1468 4114 utriusque
1490 4051 1594 4094 venae
1615 4047 1711 4092 cavae
1731 4040 1885 4104 truncos,
1910 4027 2086 4092 sedetiam
2109 4045 2234 4092 venam

504 4143 736 4230 pulmonalena
773 4145 923 4208 dextram
950 4147 1070 4230 recipit
1116 4146 1204 4210 Cum
1234 4147 1384 4210 foramen
1405 4148 1497 4212 ovele
1524 4161 1655 4211 unnim
1676 4146 1742 4222 sit,
1778 4159 1818 4208 ut
1837 4159 1970 4228 septum
2001 4145 2233 4232 praetervidcri

504 4262 630 4344 possit,
648 4262 778 4330 valvula
797 4283 927 4346 qucum
948 4261 1050 4343 hujus
1079 4265 1252 4329 foraminis
1276 4264 1528 4340 desideraretur,
1557 4283 1599 4328 ex
1625 4279 1767 4351 atroque
1795 4268 1875 4328 atrio
1897 4267 1992 4330 unica
2018 4262 2088 4326 fere
2115 4264 2233 4328 cavitas

504 4377 590 4444 iacta
610 4393 668 4445 est.
711 4380 869 4448 weram
896 4383 932 4444 in
957 4385 1039 4446 atrio
1058 4382 1173 4446 dextro
1200 4381 1365 4464 singulare
1381 4383 1505 4446 ostium
1530 4383 1618 4448 inira
1638 4384 1788 4448 foramen
1810 4386 1902 4451 orale
1924 4381 2136 4462 conspicitur,
2163 4382 2234 4444 val·

504 4499 583 4564 aula
597 4501 817 4577 instructum,¹
831 4519 912 4582 quae
924 4501 1100 4562 introitum
1115 4501 1372 4563 eainietroatrio
1386 4500 1425 4564 ad
1440 4501 1593 4568 dextmm
1606 4505 1786 4589 praebebat.
1808 4502 1994 4582 Utrumque
2008 4504 2233 4572 ventriculum

505 4628 598 4698 septo
626 4618 754 4704 integro
784 4631 990 4702 separatum,
1019 4619 1101 4682 ostia
1125 4629 1158 4682 et
1186 4621 1337 4685 arteriota
1366 4635 1400 4686 et
1427 4641 1546 4686 venosa
1577 4621 1716 4682 valvulis
1744 4619 1908 4680 consuetis
1935 4621 2091 4684 instructa
2118 4627 2233 4706 reperi.

506 4733 630 4798 Deatcr
650 4737 880 4820 pulmonalem
902 4741 1052 4800 arteriam
1075 4738 1262 4815 emittebat,
1284 4741 1377 4818 cnjus
1396 4757 1508 4800 ranam
1531 4741 1643 4802 ceteris
1663 4737 1796 4798 crassior
1816 4735 1956 4800 ductum
1979 4739 2093 4804 Botalii
2114 4743 2234 4808 refers·

501 4850 579 4934 bat,
596 4853 638 4916 ad
656 4869 782 4918 aortaru
814 4855 1067 4918 descendentem
1096 4871 1184 4922 recta
1214 4857 1268 4920 ria
1302 4857 1570 4941 proficiscentem.
1619 4853 1748 4918 Arteria
1771 4875 1890 4941 magna
1919 4858 2099 4922 latitudinis
2126 4862 2231 4946 legiti·

500 4989 598 5052 mae,
627 4993 646 5036 a
670 4975 802 5036 sinistro
827 4973 1010 5036 ventriculo
1032 4973 1191 5050 oriunda,
1221 4992 1264 5040 erc
1290 4993 1367 5037 arcu
1388 4977 1538 5056 prituurn
1558 4977 1711 5039 arteriam
1734 4975 1978 5040 innominatum
2003 4979 2065 5042 snb
2094 4979 2232 5046 clavim.

500 5089 533 5160 la
557 5092 688 5158 sinistra
713 5091 972 5160 adscendemem
997 5106 1031 5160 et
1057 5091 1153 5158 solito
1178 5093 1281 5160 aeritu
1309 5095 1348 5158 iaa
1377 5093 1581 5162 subdaviam
1604 5109 1699 5182 atqua
1727 5097 1906 5164 carotidem
1930 5097 2088 5178 orbam,
2129 5117 2233 5186 prope
