5064 6286
1937 753 1996 872 59

352 943 443 1012 Sistit
466 963 503 1010 es
521 943 628 1010 tetum
647 958 844 1021 maturum,
864 957 961 1006 sexus
980 939 1136 1026 potioris,
1163 938 1220 1026 qui
1248 935 1472 1004 deficientibus
1494 941 1654 1006 musculis
1676 945 1771 1010 restis
1794 959 1827 1012 et
1846 950 1993 1016 msxirns

266 1079 355 1152 peste
378 1067 583 1148 reliquorum
602 1065 833 1128 musculorum
857 1061 1140 1133 abdominattum,
1159 1057 1257 1140 hepar
1279 1073 1311 1122 et
1341 1061 1494 1122 intestine
1517 1061 1582 1124 iere
1611 1067 1724 1140 ornnis
1748 1065 1846 1130 effusa
1870 1069 1993 1136 habuit.

267 1188 378 1254 Sterni
399 1186 544 1247 maxime
562 1203 633 1268 pars
654 1183 777 1256 deerat,
795 1195 901 1244 costae
922 1178 1030 1245 lateris
1049 1179 1165 1254 dextri,
1183 1179 1324 1259 exceptis
1344 1179 1470 1240 dusbus
1492 1183 1678 1262 supremis,
1702 1197 1733 1246 et
1753 1187 1994 1270 cartilaginibus

266 1321 300 1374 et
318 1304 581 1370 extremitatibus
599 1301 816 1396 anterioribus
839 1299 1006 1374 carebsnt;
1029 1299 1065 1360 in
1087 1299 1219 1360 sinistro
1238 1295 1337 1360 latere
1353 1312 1490 1380 quatuor
1504 1313 1609 1362 costae
1625 1303 1745 1383 priores
1765 1305 1908 1383 ederant,
1929 1327 1993 1371 esr-

265 1425 454 1510 tilsginibus
474 1435 585 1484 tamen
606 1419 795 1495 destitutae,
817 1420 958 1500 reliquae
986 1417 1111 1480 eenrim
1140 1415 1330 1498 sensimque
1360 1417 1542 1481 decurtatae
1570 1417 1787 1485 adultimam
1815 1443 1917 1508 usque
1935 1427 1992 1489 de.

265 1543 474 1618 scendebesrt,
496 1559 577 1624 quae
597 1541 665 1622 ipsa
686 1537 848 1600 tuberculi
866 1539 967 1600 instar
989 1557 1008 1599 e
1040 1537 1195 1598 columna
1213 1533 1332 1598 dorsali
1361 1537 1530 1600 incurvata
1559 1541 1832 1626 progrediebatur.
1876 1545 1991 1609 Pleura

265 1665 304 1726 in
323 1663 438 1725 dextro
460 1662 622 1743 pulmone
644 1657 773 1728 deerst,
798 1657 854 1738 qui
883 1655 994 1718 nudus
1016 1658 1052 1718 in
1074 1667 1168 1718 entro
1189 1655 1424 1738 angustissimo
1452 1672 1550 1740 atque
1579 1679 1759 1744 compresso
1777 1664 1992 1729 delitescebat.

265 1782 331 1860 Gor
345 1780 554 1855 tenuissimo,
574 1776 737 1860 pellucido
750 1774 927 1856 perieardio
940 1775 1088 1836 velatum
1101 1787 1182 1848 erat,
1201 1773 1319 1854 pulmo
1336 1776 1467 1838 sinister
1479 1778 1657 1860 pericardio
1675 1795 1771 1864 etque
1784 1784 1894 1867 pleurs
1910 1787 1992 1868 spis.

264 1919 300 1964 sa
321 1915 352 1964 et
372 1919 468 1982 opsoa
489 1894 685 1960 reconditus.
736 1893 887 1973 Thymus
916 1893 1045 1954 duobus
1075 1893 1243 1954 cornubus
1265 1907 1313 1956 sat
1338 1897 1466 1978 magnis
1492 1901 1682 1981 composita.
1731 1901 1994 1986 Diaphragmstis

263 2018 401 2084 nonnisi
420 2017 526 2103 portio
548 2014 706 2096 posterior
727 2011 847 2088 aderet,
866 2011 944 2072 hino
966 2009 1105 2070 thomeis
1122 2009 1238 2070 ceritas
1259 2012 1446 2074 abdominis
1468 2017 1595 2078 carneti
1614 2019 1777 2080 continua.
1822 2021 1930 2104 liepar
1953 2023 1990 2084 in

263 2138 418 2223 pluribus
443 2134 524 2195 locis
543 2129 723 2204 vitiosum,
752 2129 788 2188 in
817 2127 988 2209 superficie
1008 2145 1152 2189 convers
1173 2125 1324 2209 hydatide
1355 2127 1551 2206 obsessum,
1576 2133 1709 2216 Spigeiii
1737 2137 1833 2198 lobus
1859 2157 1995 2220 perma-

263 2255 448 2342 gnus31ien
463 2251 596 2334 duplex,
616 2245 856 2331 quorumsalter
875 2245 1028 2330 globosus
1043 2246 1122 2310 alter
1142 2247 1256 2316 ovalis.
1291 2247 1447 2312 intestina
1468 2247 1564 2330 justo
1581 2249 1728 2336 longiore
1751 2267 1847 2334 atque
1866 2261 1993 2320 tenuis.

263 2375 365 2448 sims;
393 2369 636 2433 mesenteriurn
655 2383 811 2428 crassum.
855 2365 965 2427 Vesica
984 2365 1124 2428 urinaria
1134 2363 1292 2449 lgrsndis,
1311 2363 1520 2428 dextrorsum
1546 2382 1645 2450 stqne
1673 2369 1830 2448 deorsum
1856 2367 1994 2448 reflexae

262 2490 403 2556 testiculi
425 2489 462 2552 irs
484 2485 662 2550 abdomine
684 2485 831 2546 latentes.
874 2483 973 2544 Penis
994 2481 1081 2562 justo
1102 2483 1222 2562 major,
1242 2487 1452 2567 prseputium
1474 2487 1646 2551 tumidum
1667 2507 1725 2572 per
1744 2490 1991 2574 longitudinem

260 2610 386 2674 fissum.
425 2605 605 2669 Funiculus
627 2597 989 2664 umbilieslisdextrum
1003 2599 1085 2662 latus
1105 2601 1235 2684 petebat
1241 2621 1251 2674 3
1275 2621 1358 2666 vens
1378 2603 1587 2687 prolundiori
1617 2607 1740 2690 hepatis
1759 2609 1917 2672 incisurae
1934 2613 1991 2672 in·

267 2727 444 2800 serebatur,
472 2709 587 2786 'arteris
607 2721 708 2784 enies
725 2718 812 2784 inies
832 2716 1006 2783 oselisssss
1024 2737 1065 2784 ss
1084 2707 1172 2794 sosia
1193 2719 1411 2788 descendente
1429 2725 1714 2810 progredisbstur3
1736 2727 1878 2792 uraebue
1895 2747 1991 2812 pror·
2048 2755 2051 2762 ·

260 2861 317 2911 sne
339 2844 518 2912 deficiebat.

667 3201 798 3292 Species
818 3202 926 3268 sltera.
960 3201 1002 3266 Ε
1023 3201 1184 3284 resudat,
1202 3225 1290 3270 suero
1310 3203 1448 3270 hernioso
1469 3205 1582 3272 sineru

1055 3371 1084 3457 l·
1129 3383 1183 3460 su

346 3549 429 3619 stur·
447 3550 589 3636 pertinet
611 3543 695 3610 ierus
715 3563 737 3608 e
751 3547 868 3609 Museo
890 3547 1120 3626 Mscreanro,
1138 3565 1241 3630 quens
1263 3547 1461 3612 tenerem
1480 3545 1513 3628 ¹)
1527 3544 1693 3632 descripsit
1713 3559 1813 3632 atque
1831 3545 1989 3614 deiinesri

259 3673 396 3740 euravit.
440 3669 645 3734 Ortimestris
665 3678 731 3727 erat
752 3679 784 3728 et
806 3683 885 3728 cum
908 3666 944 3728 in
963 3666 1074 3728 lueem
1097 3667 1376 3752 progredientur,
1395 3667 1502 3749 aliqua
1522 3666 1628 3729 adhue
1648 3667 1733 3729 vitae
1765 3669 1857 3752 signa
1874 3667 1989 3740 edsdit.

258 3795 298 3858 iss
319 3789 498 3856 ebdomine
520 3801 627 3848 secem
657 3783 828 3846 herniosus
857 3784 995 3867 insignis
1022 3783 1268 3868 magnetudinis
1296 3787 1539 3868 propendebat,
1563 3785 1750 3868 pedunculo
1770 3788 1858 3868 qussi
1880 3787 1918 3848 in
1939 3785 1990 3848 is·

256 3927 325 3978 tere
346 3907 537 3992 ssrtileginis
556 3915 769 3976 mucronatae
790 3902 905 3964 dextro
923 3919 1114 3982 suspensus,
1130 3916 1227 3984 atque
1238 3903 1548 3988 integumentorum
1561 3906 1796 3966 communium
1813 3906 1989 3966 eontisrua·

254 4035 347 4096 tione
367 4027 566 4092 efformatus.
608 4023 719 4107 Hepsr
740 4037 773 4086 et
799 4020 1036 4085 intestinorum
1054 4020 1124 4104 gyri
1145 4038 1202 4104 per
1223 4032 1322 4084 tenue
1344 4023 1426 4084 ssoei
1448 4022 1660 4084 involucrum
1691 4025 1864 4116 conspicua
1884 4037 1989 4086 erant.

257 4149 336 4236 Quo
359 4145 466 4206 inoieo
481 4144 599 4224 patuit,
618 4158 690 4204 non
710 4139 822 4202 solum
842 4138 997 4220 pleraque
1015 4138 1217 4214 abdominis,
1235 4139 1292 4202 sed
1315 4141 1417 4202 etiam
1436 4139 1575 4202 thoracis
1589 4143 1710 4206 viscera
1729 4143 1765 4204 iu
1784 4161 1864 4204 eum
1885 4139 1989 4206 effuse

257 4267 367 4332 fuisse.
414 4259 479 4324 Cor
504 4257 588 4320 inira
617 4258 849 4320 membraneus
874 4255 1081 4340 dispbrsgms
1109 4255 1328 4334 referentem,
1352 4258 1529 4340 pericsrdio
1555 4256 1726 4319 inclusum
1755 4259 1989 4338 reperiebatur.

256 4384 339 4448 Vasa
356 4401 478 4468 magns
495 4379 531 4440 in
551 4377 688 4438 thoracis
710 4374 852 4456 depressi
872 4387 904 4438 et
923 4375 1106 4438 sdmodusss
1128 4373 1285 4436 deformis
1306 4375 1479 4440 ceritatem
1501 4375 1733 4458 emergebant,
1751 4375 1812 4436 ubi
1831 4375 1986 4460 glandula

255 4505 394 4588 thymus
413 4513 446 4564 et
468 4498 644 4582 pulmones
665 4493 805 4554 naturali
824 4495 888 4554 ritu
907 4493 1053 4574 dispositi
1080 4505 1180 4558 erant.
1221 4493 1338 4558 Secum
1356 4507 1518 4576 praetereo
1535 4507 1701 4570 rutaneue,
1723 4493 1857 4576 lympha
1880 4495 1983 4576 reple·

258 4635 311 4690 tus
333 4640 372 4685 os
393 4637 521 4680 sacrum
550 4613 734 4690 obsidebat,
769 4629 834 4692 quo
856 4623 987 4691 aperto,
1012 4611 1106 4694 spine
1129 4612 1226 4676 bifida
1258 4611 1425 4678 iorausisse
1454 4611 1541 4678 ovstt
1573 4612 1684 4692 snus,
1710 4613 1983 4696 conspiciebatur.

257 4739 460 4805 Genitsliusss
481 4748 514 4799 st
541 4735 596 4796 sni
616 4733 753 4796 nullum
774 4729 965 4814 vestigium.

323 5131 355 5206 Ι)
373 5129 504 5184 vesores
523 5125 681 5270 Fragmenta
698 5127 804 5280 ιεωέι.
816 5127 931 5186 sbssstr.
948 5127 1013 5188 Hel.
1037 5139 1121 5206 ¹79²
1147 5127 1223 5188 st.
1234 5121 1271 5190 V.
1291 5145 1321 5206 p.
1341 5141 1387 5206 η.
1403 5125 1466 5202 ts.
1478 5124 1604 5188 ldssm
1618 5121 1652 5186 ds
1669 5127 1760 5186 eesds
1780 5123 1986 5186 conmuniter

377 5220 504 5278 abnuens.
524 5220 567 5274 Ba
581 5259 588 5278 .
604 5219 687 5286 haus,
711 5238 740 5294 p.
