5064 6286
1247 975 1250 986 ·
1362 951 1490 1038 oro·

648 1123 802 1190 Alterum
823 1119 924 1202 hujus
941 1119 1059 1206 apetiel
1081 1121 1274 1208 exemplum
1295 1097 1612 1200 Farracmaaauva&
1634 1119 1815 1185 observavit
1836 1123 1872 1186 in
1887 1123 1955 1190 fetu
1969 1139 2111 1205 maturo,
2132 1131 2185 1194 eui
2204 1127 2284 1196 adeo

565 1243 664 1308 breve
685 1257 835 1306 eternum
854 1257 931 1328 erat,
950 1257 989 1305 ut
1011 1263 1027 1306 a
1049 1243 1161 1328 dextro
1182 1243 1281 1304 latere
1301 1257 1425 1326 praeter
1448 1239 1638 1303 claviculam
1661 1241 1742 1304 duae
1765 1245 1900 1306 nonnisi
1920 1259 2024 1308 coetae
2045 1249 2245 1330 superiores,
2264 1269 2282 1314 a

563 1365 693 1430 ainiatro
720 1375 783 1424 trea
810 1360 952 1428 adnexae
977 1373 1100 1442 eaaent;
1128 1361 1270 1442 reliquae
1297 1361 1432 1432 nullum
1459 1361 1620 1424 halreb'ant
1649 1375 1820 1439 eternum,
1847 1375 1879 1424 et
1902 1367 2042 1428 arcubus
2073 1365 2284 1453 cartilagineis

562 1485 716 1568 utrinque
737 1481 976 1560 inserebantur,
1000 1483 1057 1562 qui
1076 1480 1114 1544 ad
1137 1495 1286 1550 aternum
1306 1479 1552 1554 adscendebant.
1597 1479 1687 1568 Quor
1703 1483 1787 1552 inter
1806 1499 1915 1543 aaccua
1934 1485 2204 1548 membranaceus
2223 1507 2284 1550 an·

560 1603 702 1688 guatiore
724 1600 889 1666 cervicea
920 1589 994 1662 cute
1022 1603 1143 1688 surgit,
1173 1601 1386 1691 multumque
1413 1569 1627 1682 protuberans
1654 1620 1712 1682 per
1734 1601 1980 1685 hypogaatrium
2011 1603 2189 1682 delabitur;
2218 1623 2284 1688 quo

444 1789 448 1812 Ι
558 1733 669 1806 aperto
689 1721 724 1781 in
742 1737 879 1784 autumo
900 1719 971 1800 ejua
992 1739 1088 1796 cavo,
1110 1720 1216 1784 cordia
1239 1720 1381 1788 maxima
1405 1737 1477 1802 para
1500 1739 1557 1801 per
1577 1719 1829 1820 diaphragnntia
1855 1717 2003 1798 hiatum,
2028 1741 2175 1804 quocum
2205 1742 2284 1788 con·

555 1839 669 1918 erevit,
690 1836 814 1920 delapsa
838 1851 958 1922 reperta
980 1853 1037 1904 est.
1081 1837 1146 1904 cor
1167 1839 1278 1928 iprum
1301 1835 1558 1922 perpendiculari
1580 1835 1647 1898 lere
1668 1838 1733 1898 aitu
1756 1837 1916 1920 gaudebat
1947 1851 1980 1900 et
2001 1853 2127 1921 praeter
2146 1843 2283 1922 pericar-

554 1955 663 2032 el'mm,
681 1956 851 2020 involucro
875 1965 1005 2044 quoque
1027 1957 1175 2026 cinctum
1197 1955 1325 2026 videtur
1353 1975 1370 2020 a
1398 1956 1566 2040 peritoneo
1596 1951 1752 2029 oriundo,
1782 1955 1868 2040 quod
1896 1957 1977 2019 tacci
1998 1955 2165 2020 internam
2186 1953 2282 2022 tamt·

555 2094 638 2142 nam
657 2076 828 2142 conarttur't
850 2086 881 2138 et
903 2077 939 2132 in
958 2071 1065 2148 ‚cordia
1088 2073 1176 2152 apice
1199 2072 1235 2131 in
1258 2071 1371 2142 laxum
1397 2072 1614 2156 amplumque
1639 2073 1861 2156 ligamentum
1885 2075 2136 2156 anapenaorium
2157 2077 2283 2162 colligla

555 2195 656 2291 gitur,
678 2190 766 2272 quod
787 2159 939 2278 proxime
960 2189 999 2252 ad
1018 2189 1117 2286 hepar
1134 2189 1220 2276 abit,
1239 2203 1280 2267 nt
1300 2191 1331 2259 ai
1348 2191 1446 2256 aienti
1473 2203 1507 2268 et
1533 2189 1666 2294 reliquia
1695 2191 1874 2271 visperibua
1912 2191 2175 2261 abdominalibua
2203 2197 2283 2260 exti-

554 2327 651 2382 mam
670 2310 819 2388 tunicam
838 2310 999 2401 largiatur.

1351 2561 1386 2648 d.
1423 2563 1476 2634 6⁰.

634 2733 738 2796 vituli
758 2729 892 2798 tandem
911 2730 980 2796 dne
998 2749 1110 2802 recena
1131 2731 1211 2812 nati,
1233 2751 1377 2818 qaorum
1391 2735 1513 2798 eceleta
1534 2731 1695 2798 iaMoaao
1712 2731 2073 2814 anaunaicoldpaienei
2095 2731 2129 2814 ¹)
2141 2753 2282 2800 conaer-

554 2865 692 2928 vantur,
720 2855 783 2918 boc
811 2853 883 2916 loco
910 2855 1121 2916 memorandi
1148 2874 1217 2917 ease
1246 2854 1409 2916 videntur.
1453 2853 1725 2918 observationem
1753 2855 1833 2934 Exp.
1856 2851 2001 2914 Canvrra
2021 2872 2159 2926 mecum
2189 2875 2283 2924 com.

442 3052 446 3061 Ι
553 2973 746 3034 manicavit.
790 2973 828 3034 ln
850 2971 937 3034 biece
958 2985 1072 3034 autem
1092 2975 1249 3036 monstria
1276 2974 1432 3038 columna
1453 2973 1587 3038 doraalia
1616 2988 1783 3055 tantopere
1805 2983 1984 3032 retrorsum
2004 2972 2166 3034 incurvata
2186 2987 2282 3054 atqua

551 3091 668 3154 reflexa
691 3089 887 3170 offenditur,
914 3103 953 3153 ut
972 3091 1076 3176 pelvia
1096 3095 1296 3176 proceeaibut
1319 3093 1458 3176 epinoeia
1479 3095 1706 3158 vertebrarum
1727 3089 1907 3152 dorsalium
1930 3089 2139 3169 auperiorum
2158 3090 2281 3168 adjace-

552 3222 629 3282 ret,·
649 3210 872 3272 extremitates
889 3229 987 3290 vero,
1006 3223 1043 3272 et
1060 3209 1241 3274 anteriores
1264 3225 1298 3274 et
1324 3213 1516 3294 posteriore·
1545 3231 1618 3280 tura,
1639 3229 1718 3280 eum
1747 3181 1850 3290 dapite
1875 3219 2063 3270 antroreum
2091 3225 2281 3292 spectarent.

548 3327 709 3393 Sternunt
732 3347 749 3390 a
772 3327 950 3390 manubrio
968 3347 1027 3410 per
1049 3329 1293 3414 longitudinem
1315 3329 1428 3410 beatam
1449 3343 1514 3405 eam
1541 3343 1646 3392 coetae
1667 3328 1772 3390 lateris
1794 3325 1898 3386 dextri
1916 3343 2049 3387 sursum
2071 3341 2214 3408 erectae,
2243 3332 2280 3392 in

548 3444 648 3508 latere
670 3446 803 3506 ainiatro
823 3445 978 3510 deoraum
996 3447 1171 3530 depreaaae.
1207 3451 1244 3512 ln
1261 3449 1362 3512 altero
1385 3449 1504 3512 aceleto
1526 3449 1627 3530 pelvis
1649 3463 1778 3530 quoque
1801 3443 1835 3503 in
1854 3441 1933 3504 duae
1951 3455 2057 3524 partes
2078 3441 2280 3512 dehiscentes

548 3561 653 3624 dieiaa
672 3563 840 3644 reperitur.
881 3566 919 3626 ln
944 3579 1088 3649 tattoque
1119 3549 1226 3631 aiteio
1255 3587 1310 3632 cor
1336 3579 1373 3633 ,et
1405 3569 1527 3632 eiecerat
1553 3564 1773 3628 abdominum
1801 3559 1913 3638 effuea,
1946 3564 2123 3630 commum
2153 3565 2280 3631 ueruto

547 3681 655 3745 citteta
675 3679 931 3764 propendebant.

619 3943 652 4014 Ι)
669 3945 711 3996 De
730 3945 801 4000 vitiia
823 3949 973 4020 congeniti·
992 3951 1064 4005 eirca
1081 3949 1222 4005 thoracem
1242 3959 1267 4006 et
1286 3951 1433 4010 abdomen.
1465 3951 1576 4023 Erlang.
1598 3957 1673 4019 ²8¹⁰·
1698 3970 1757 4026 pag.
1774 3967 1800 4010 a.
1821 3971 1864 4024 ιγ.
1878 3959 1926 4021 24·
1950 3947 2023 4000 Tib·
2040 3945 2064 4000 Ῑ·
2086 3941 2134 4012 fid·
2154 3961 2179 3998 ¹·

618 4059 652 4130 2)
671 4061 759 4128 liniue
785 4067 903 4136 egregiae
928 4067 1098 4124 collectionis
1124 4069 1333 4141 descriptionem
1356 4071 1411 4140 jam
1429 4069 1535 4138 longina
1558 4067 1733 4119 decideratana
1748 4069 1829 4138 Exp„
1847 4067 1970 4120 Czavrrr
1989 4061 2018 4112 in
2035 4059 2108 4112 libro
2125 4075 2188 4110 auo:
2223 4057 2279 4114 tta·

669 4155 837 4231 amatim
857 4158 906 4212 der
922 4161 1155 4236 parlrologirclrae
1172 4167 1348 4238 Praqarau
1366 4163 1416 4218 dea
1431 4159 1641 4220 menealne
1665 4158 1797 4218 litantem
1811 4177 1847 4216 aar
1862 4157 2004 4232 Leipzig.
2027 4151 2160 4228 proximis
2179 4151 2279 4208 nundi·

666 4245 712 4318 μὶ
727 4247 850 4314 conda.
866 4249 1020 4312 werlo.
1036 4280 1072 4304 «-
