5036 6288
536 642 595 758 46

534 847 674 910 illorum
696 843 738 907 sit
759 823 1011 919 confitentum,
1034 838 1168 905 fetuum
1190 839 1353 919 duorum,
1373 861 1389 904 a
1411 837 1700 906 Bvertrteaoolim
1713 839 1951 926 descriptorum
1971 844 2104 928 repetita
2117 865 2266 930 perscru-

535 967 613 1029 ts'tio
634 965 723 1026 testis
746 965 818 1026 erit.
861 961 1050 1024 Maximum
1070 976 1185 1024 autem
1206 980 1298 1024 meae
1316 951 1499 1024 ¹sententiae
1521 957 1783 1024 fundamentum
1801 964 1836 1024 in
1858 964 2061 1046 sepositum
2083 985 2151 1028 essa
2172 981 2266 1049 puto,

534 1083 622 1170 quod
644 1085 805 1144 interrex
827 1083 969 1162 ectopiae
990 1098 1082 1143 casus
1103 1102 1120 1144 a
1141 1100 1199 1144 me
1221 1082 1289 1164 ipso
1309 1093 1538 1163 perscrutatos,
1568 1081 1714 1162 quinque
1728 1081 1868 1143 similes
1893 1094 2028 1145 staturae
2053 1103 2192 1163 errores,
2213 1085 2268 1150 vel

534 1205 571 1265 in
600 1193 705 1266 cordis
730 1199 832 1283 ipsius
863 1211 1041 1275 structura,
1071 1202 1123 1264 vel
1146 1202 1182 1262 in
1211 1217 1367 1262 vasorum
1388 1197 1600 1282 dispositione
1620 1199 1706 1262 mibi
1733 1201 1952 1282 praebuerint.
1993 1203 2161 1266 Praeterea
2189 1224 2267 1268 con·

536 1321 658 1402 iectura
678 1337 748 1384 non
772 1321 868 1382 omni
886 1309 1176 1381 verisimilitudine
1196 1317 1351 1382 destituta
1369 1335 1437 1381 esse
1458 1317 1600 1395 videtur,
1621 1330 1654 1380 et
1673 1317 1707 1381 in
1727 1337 1820 1403 agna,
1845 1318 1938 1400 cujus
1953 1338 2009 1384 cor
2024 1321 2187 1386 intactum
2201 1341 2268 1389 sera

535 1442 621 1518 vasi,
640 1439 787 1502 similem
811 1439 1065 1500 abnormitatem
1088 1437 1222 1500 existere
1242 1455 1346 1520 posse.

621 1561 659 1622 In
682 1559 811 1620 duobus
833 1558 926 1620 enim
957 1557 1082 1619 casibus
1104 1569 1229 1619 aortam
1249 1575 1289 1619 ert
1309 1567 1452 1639 utroque
1477 1555 1665 1619 ventriculo
1690 1555 1866 1620 oriundam
1892 1557 1978 1634 vidi;
2005 1555 2052 1640 (ς).
2078 1579 2125 1644 r9.
2144 1561 2175 1642 §.
2197 1568 2264 1644 47.)

534 1677 571 1741 in
591 1677 690 1741 altero
710 1676 826 1737 ductus
846 1677 1019 1739 arteriosus
1042 1675 1295 1758 desiderabatur3
1330 1673 1376 1755 (ᾗ.
1399 1675 1470 1756 47.)
1498 1677 1534 1738 in
1555 1675 1685 1738 duobus
1707 1675 1777 1736 aliis
1805 1672 1853 1756 (d.
1875 1673 1968 1758 45.)
1999 1678 2066 1759 37.)
2095 1681 2185 1742 idem
2205 1681 2267 1744 du.

536 1809 607 1858 ctus
632 1799 723 1875 iusto
745 1789 853 1873 major
880 1795 919 1857 ab
950 1797 1064 1858 arteria
1094 1794 1281 1878 pulmonali
1311 1809 1395 1858 recta
1421 1795 1473 1856 via
1504 1793 1685 1856 adsertam
1712 1793 1966 1858 descendentem
1993 1794 2267 1883 progrediebatur.

535 1917 661 1978 venam
683 1912 868 1998 iugularem
890 1915 1055 1976 sinistram
1076 1932 1298 1975 communem
1323 1915 1358 1972 in
1388 1911 1517 1974 dnobus
1546 1913 1677 1974 ietubus
1708 1913 1844 1974 seorsim
1866 1913 1883 1975 a'
1906 1913 2015 1976 dextra
2036 1917 2268 1980 decurrentem

535 2047 568 2096 et
586 2031 741 2118 peculiari
764 2031 846 2092 ostio
864 2031 917 2092 vel
935 2031 971 2092 in
992 2032 1117 2092 atrium
1139 2031 1312 2105 dextrum,
1337 2030 1382 2108 (ς.
1404 2033 1472 2108 47.)
1492 2031 1544 2092 vel
1560 2031 1596 2090 in
1613 2032 1786 2092 sinistrum
1804 2028 1850 2111 (d.
1875 2031 2112 2114 ap.),hiantem
2135 2037 2267 2106 inveni;

534 2151 624 2214 unde
643 2151 822 2234 suspicatus
841 2168 932 2226 surra,
951 2148 1097 2209 similem
1120 2149 1359 2211 aberrationem
1377 2151 1413 2210 in
1434 2148 1528 2210 tertio
1547 2166 1676 2229 quoque
1691 2149 1761 2210 istu
1784 2147 1829 2227 (b
1851 2153 1919 2228 45.)
1941 2149 2091 2227 adfuisse,
2110 2154 2197 2233 quod
2211 2173 2268 2215 su·

534 2289 590 2354 pra
612 2268 681 2350 jem
702 2268 854 2335 indicavi.
896 2268 935 2330 ln
956 2267 1086 2329 duobus
1106 2267 1176 2362 aliis
1199 2266 1330 2328 ietubus
1352 2261 1396 2345 (d.
1410 2278 1461 2344 57.
1483 2260 1512 2342 §-
1534 2264 1602 2343 48.)
1623 2267 1737 2329 eadem
1759 2265 1913 2350 jugulatis
1931 2271 2015 2330 infra
2038 2270 2201 2334 tracheam
2222 2285 2266 2335 at·

491 2457 494 2462 ,
536 2407 600 2470 que
620 2365 843 2471 oesophagum
864 2385 902 2450 ad
921 2358 1070 2448 dextram
1089 2357 1237 2463 ejusdem
1256 2383 1404 2446 nominis
1426 2403 1547 2446 venam
1567 2385 1875 2472 transgrediebst'ur3
1898 2363 1980 2449 vena
1995 2399 2108 2449 autem
2122 2407 2196 2452 cave
2211 2407 2266 2453 stt·

534 2507 642 2592 perior
661 2508 699 2568 in
718 2505 817 2567 altero
839 2522 957 2568 eorum
980 2499 1026 2584 (b.
1049 2504 1117 2584 57.)
1136 2504 1321 2564 maximam
1342 2515 1469 2584 partem
1488 2499 1798 2566 venaeum'bilicalis
1821 2505 2003 2586 recipiebat.
2047 2505 2175 2568 Arcum
2194 2503 2266 2569 aori

535 2637 585 2686 tae
614 2623 726 2686 solitos
750 2641 861 2685 ramos
890 2635 1046 2686 consueto
1076 2619 1189 2685 ordine
1216 2619 1373 2696 edidisse,
1403 2635 1542 2701 quatuor
1564 2640 1654 2681 casus
1684 2632 1858 2696 testantur;
1894 2626 1929 2683 in
1954 2625 2067 2704 quinto
2090 2625 2178 2699 fetu,
2207 2624 2265 2705 qui

497 2801 501 2808 .
537 2743 666 2806 brachio
682 2743 812 2804 sinistro
835 2742 960 2804 carebat
980 2737 1027 2820 (b.
1046 2741 1115 2820 45.)
1135 2739 1247 2803 arteria
1267 2739 1453 2812 vertebralis
1469 2759 1508 2802 ert
1530 2741 1595 2821 ipsa
1614 2751 1700 2800 aorta
1714 2735 1876 2822 originem
1891 2739 2040 2816 ducebat,
2061 2758 2141 2828 quae
2156 2741 2265 2824 paullo

535 2861 621 2924 infra
637 2863 735 2922 istam
753 2859 955 2921 subclaviam
977 2860 1208 2921 tenuissimam
1230 2860 1400 2920 emittebat
1407 2881 1417 2932 3
1445 2860 1480 2920 in
1501 2871 1592 2919 sexto
1612 2857 1746 2920 tandem
1767 2853 1815 2937 (d.
1835 2861 1901 2937 48.)
1918 2859 1956 2920 ab
1976 2879 2052 2920 arcu
2075 2874 2181 2922 nortae
2201 2871 2265 2923 tres

537 2979 752 3044 solummodo
774 2979 858 3040 ranti
879 2973 1173 3060 proficiscebantur,
1196 2996 1341 3058 quorum
1363 2979 1502 3060 primus,
1523 2990 1609 3040 recta
1630 2994 1766 3037 sursum
1787 2974 1983 3040 adscendens
2010 2977 2089 3040 duas
2111 2979 2264 3044 carotides

536 3099 662 3175 edebat,
683 3096 865 3160 subclsviae
880 3107 993 3158 autem
1012 3095 1143 3157 arteriae
1164 3095 1254 3173 juxta
1274 3115 1307 3158 se
1329 3098 1476 3162 invicem
1496 3116 1537 3161 ex
1555 3108 1644 3160 aorta
1666 3095 1864 3159 oriebantur.
1900 3096 2117 3163 simillimam
2135 3115 2265 3185 quoque

536 3217 799 3281 observationem
818 3214 1035 3279 senonenses
1056 3211 1215 3278 exhibuit
1235 3210 1276 3296 td.
1295 3217 1377 3296 58.)

1330 3369 1365 3520 i·
1411 3449 1464 3519 72·

620 3606 670 3670 Ex
692 3604 849 3669 omnium
872 3605 1143 3670 observationum
1164 3607 1407 3690 comparatione
1427 3604 1561 3690 patebit,
1587 3603 1771 3668 maximam
1789 3603 1912 3670 borum
1941 3621 2171 3676 monstrorum
2191 3630 2264 3695 par·

537 3740 607 3792 tem
627 3727 856 3789 maturitatem
876 3725 1061 3810 legitimam
1079 3725 1236 3788 nondum
1255 3726 1405 3811 attigisse.
1437 3728 1526 3788 lnter
1549 3743 1604 3788 eos
1628 3722 1726 3804 setus,
1747 3728 1804 3812 qui
1823 3724 1914 3809 justo
1933 3740 2081 3811 tempore
2102 3743 2194 3792 utero
2211 3749 2261 3794 est·

537 3845 770 3920 cludebantur‚
798 3844 984 3928 complures
1006 3843 1071 3904 vita
1095 3842 1163 3922 jam
1183 3856 1275 3906 erant
1293 3845 1427 3926 privati;
1445 3845 1562 3927 reliqui
1583 3846 1689 3908 vitam
1711 3845 1813 3908 modo
1834 3847 1978 3909 breviori
2000 3847 2101 3908 ruodo
2122 3847 2260 3928 longiori
2323 3919 2329 3926 ἱ

539 3979 686 4047 tempore
708 3961 912 4024 fruebantur.
948 3962 1033 4024 Puer
1055 3980 1168 4024 recens
1194 3976 1303 4041 natus,
1330 3962 1425 4044 cujus
1445 3965 1590 4026 sceleton
1613 3966 1649 4025 irs
1669 3965 1785 4026 llluseo
1808 3978 1889 4028 anat.
1913 3965 1996 4048 Lips.
2017 3976 2178 4036 servatur,
2202 3981 2259 4044 per

534 4085 657 4166 aliquot
676 4078 889 4142 solummodo
907 4080 1062 4160 temporis
1076 4094 1260 4155 momenta,
1280 4081 1486 4142 Carpetanos
1507 4081 1592 4143 letus
1613 4101 1672 4164 per
1686 4083 1820 4144 unicam
1834 4083 1962 4162 horam,
1978 4084 2190 4148 Ptnatstauvs
2206 4096 2264 4162 per

533 4203 658 4286 aliquot
676 4201 788 4272 horas,
809 4198 1046 4260 Hsuusatsrtvs
1060 4196 1098 4257 ad
1123 4209 1188 4259 tres
1209 4216 1312 4280 usque
1332 4198 1426 4260 boras
1447 4199 1548 4262 vitam
1568 4213 1804 4282 protraxerunt.
1847 4201 2027 4265 Sctsvsztts
2049 4217 2191 4282 puerum
2213 4196 2263 4256 vi·

535 4323 583 4397 dit
604 4340 663 4404 per
684 4318 830 4401 quinque
851 4315 944 4379 horst
966 4329 1144 4402 vegetum,
1164 4316 1245 4378 alius
1277 4336 1293 4379 a
1323 4337 1520 4381 uarrtnezto
1543 4319 1737 4404 descriptus,
1760 4319 1798 4383 ad
1822 4320 1998 4382 duodecim
2019 4317 2129 4387 horas,
2155 4313 2263 4391 puella

493 4489 498 4494 ·
533 4442 689 4506 Monam
708 4436 747 4498 sd
767 4436 883 4521 viginti
898 4434 1005 4509 boras,
1026 4434 1152 4515 aliaque
1172 4435 1332 4497 Dtvrtatnr
1351 4438 1432 4498 ultra
1454 4436 1556 4514 diem,
1577 4439 1830 4504 Bvarrnrntsna
1852 4449 1963 4498 sutem
1981 4429 2019 4491 sd
2040 4427 2169 4512 triginta
2183 4450 2263 4513 qus·

534 4572 610 4622 tuor
630 4558 725 4618 boras
745 4557 848 4616 vitam
870 4553 1030 4637 perduxit.
1075 4553 1282 4630 Catulorum,
1305 4574 1386 4636 quos
1405 4557 1503 4620 Recte
1527 4558 1703 4640 descripsit,
1722 4559 1801 4620 alter
1822 4568 1880 4632 per
1900 4546 2196 4628 duodenariam,
2216 4547 2262 4612 al·

534 4690 679 4740 terreto
698 4693 755 4756 per
773 4671 863 4734 diem
877 4673 1046 4758 integrum
1061 4672 1163 4752 visits
1184 4692 1265 4758 agua
1288 4674 1422 4738 tandem
1443 4676 1480 4736 in
1493 4677 1609 4738 Museo
1622 4673 1930 4749 Resolconservsta
1950 4685 2008 4751 per
2026 4668 2171 4750 quinque
2193 4669 2261 4732 dies

532 4796 637 4858 vitam
656 4791 821 4875 protraxit.

615 4907 974 4992 Bvarrttsavsquidem
988 4924 1124 4973 conatus
1135 4883 1194 4989 est,
1213 4909 1368 4997 longioris
1381 4913 1466 4974 vitae
1477 4905 1661 4972 'iscultstetn
1677 4907 1713 4971 in
1728 4905 1846 4994 puella,
1868 4925 1968 4991 quarn
1984 4907 2051 4991 ipse
2067 4903 2261 4978 observarit,

531 5029 733 5120 argumentis
754 5027 899 5104 firmare,
920 5040 1016 5110 atque
1037 5030 1181 5091 remedia
1200 5021 1377 5114 proposuit,
1400 5030 1519 5112 quibus
1541 5031 1721 5094 conservari
1736 5028 1904 5111 potuisset.
1938 5027 2025 5092 Mihi
2042 5040 2155 5087 tamen
2171 5035 2259 5086 extra

532 5167 672 5216 omnem
710 5145 922 5209 dubitationis
950 5147 1055 5210 aleam
1083 5147 1229 5228 positum
1252 5169 1319 5211 esse
1343 5149 1489 5226 videtur,
1515 5162 1641 5212 tantam
1659 5146 1857 5211 nobilissimi
1883 5152 1995 5234 organi
2023 5141 2262 5209 aberrationem

531 5272 602 5335 sius
616 5269 703 5332 vitae
723 5264 869 5351 periculo
886 5263 981 5330 nullo
1002 5264 1103 5330 modo
1123 5263 1260 5348 perferri
1279 5286 1383 5350 posse,
1404 5286 1513 5351 neque
1533 5269 1593 5330 arti
1613 5267 1718 5352 magis
1740 5283 1809 5331 esse
1831 5267 2082 5344 confidendum,
2113 5279 2214 5344 quam
2240 5276 2260 5322 a
