5036 6288
559 740 611 805 12

555 907 675 1000 maior,
697 915 825 983 sinistra
847 931 924 982 vero
942 915 1031 999 justo
1049 903 1182 994 nsinor,
1210 915 1246 979 in
1269 888 1412 1000 vutraque
1440 913 1604 1000 margines
1626 931 1695 978 non
1719 895 1851 980 dentati.
1894 917 1960 978 Cor
1979 919 2043 980 airu
2061 919 2277 1004 perpendicn-

556 1037 619 1099 lari
640 1037 772 1120 pendet,
793 1035 906 1100 dextro
926 1033 1024 1100 latere
1037 1047 1238 1113 annonam,
1257 1037 1590 1100 sinistro'ratrorsum
1609 1048 1738 1120 spectat.
1774 1036 1857 1098 'Vasa
1872 1055 1989 1120 magna
2009 1037 2122 1102 foveae
2138 1041 2277 1103 fundunt

554 1156 720 1240 perforant
741 1167 774 1218 et
794 1155 959 1218 thoracem
986 1155 1128 1231 intrant;
1163 1155 1286 1219 fundus
1311 1157 1380 1238 ipse
1407 1168 1477 1220 tarn
1497 1177 1515 1218 a
1537 1155 1620 1218 cutis
1642 1169 1793 1218 externae
1812 1167 1847 1216 et
1868 1156 2076 1237 epiderrnidia
2103 1172 2270 1242 processui

555 1293 657 1357 quam
678 1295 696 1337 a
717 1274 914 1337 mediastino
936 1275 990 1336 tali
1011 1274 1112 1336 modo
1135 1274 1294 1337 formatus
1317 1289 1386 1352 eat,
1416 1289 1454 1338 ut
1475 1288 1621 1356 apertura
1650 1275 1686 1336 in
1713 1274 1843 1336 thorace
1864 1276 2084 1352 aubrotuncla‚
2103 1277 2196 1355 cujus
2215 1279 2277 1338 cir·

555 1390 794 1456 cumfereutiae
810 1395 893 1454 cutia
916 1405 1049 1455 externa
1068 1393 1232 1470 adhaeret,
1253 1383 1394 1456 onsnino
1416 1383 1523 1475 clausa
1544 1395 1595 1456 ait.
1638 1383 1716 1454 Vasa
1745 1393 1926 1472 coronaria,
1952 1415 2034 1475 quae
2064 1396 2277 1461 Evandriana·

553 1511 590 1574 in
611 1513 780 1592 superficie
800 1511 903 1572 cordis
923 1514 1087 1576 anteriore¹
1101 1513 1182 1574 vidit
1203 1525 1298 1596 atque
1322 1515 1358 1576 isa
1387 1510 1507 1588 adjecta
1526 1511 1637 1596 ngura-
1653 1511 1808 1572 delinaari
1828 1515 1970 1593 curavit,
1996 1533 2087 1580 nuno
2108 1526 2276 1597 tantopere

553 1629 690 1716 collapsa
708 1631 937 1708 inveniuntur,
954 1642 992 1694 ut
1011 1631 1147 1695 nonnisi
1165 1631 1359 1695 accuratiore
1378 1629 1503 1696 intuitu
1521 1631 1658 1715 perspici
1680 1607 1816 1712 possint.

1349 1887 1378 1966 i·
1424 1893 1473 1960 ¹8·

634 2050 842 2137 indagatione
861 2051 942 2114 circa
964 2051 1133 2117 thorrcaru
1156 2053 1317 2134 instituta,
1339 2073 1476 2136 eaquae
1498 2051 1614 2138 reperi,
1638 2072 1717 2116 cunr
1739 2053 1790 2130 iis,
1820 2049 2128 2146 quaepldvaarnaava
2148 2053 2216 2132 jana
2236 2051 2278 2116 ‹le'

549 2167 648 2248 liujus
663 2173 762 2252 partis
782 2170 1041 2233 conforrnatione
1062 2174 1240 2253 adnotavit,
1259 2176 1327 2237 fere
1346 2150 1601 2238 consentiebant.
1646 2178 1803 2256 Apertura
1816 2158 1984 2234 nimirum
2000 2145 2149 2257 oblonga,
2163 2143 2275 2252 (cujud

551 2287 659 2351 forma
679 2307 719 2350 ex
743 2289 863 2370 adjecta
893 2289 993 2373 figura
1017 2304 1122 2371 patet,
1150 2294 1230 2356 Tab.
1253 2296 1304 2356 Vl.
1323 2293 1373 2376 ng.
1395 2305 1425 2370 3.
1449 2291 1488 2370 f.)
1516 2291 1552 2351 in
1579 2290 1688 2352 suedia
1716 2304 1748 2353 et
1776 2293 1935 2353 anteriore
1964 2291 2096 2352 thoracis
2124 2305 2214 2372 parte
2235 2287 2276 2351 ad

550 2405 650 2470 latera
679 2418 712 2470 et
734 2406 866 2468 inferne
887 2409 1038 2491 margine
1061 2411 1267 2495 cartilaginea
1297 2389 1513 2484 terniinanrr,
1541 2411 1574 2486 (c
1594 2427 1612 2468 c
1634 2429 1652 2470 c
1671 2411 1702 2482 c)
1720 2409 1776 2489 qui
1802 2429 1842 2470 ex
1878 2409 2115 2492 cartilaginibus
2150 2422 2276 2491 septem

545 2537 713 2590 costarum
734 2539 889 2586 verarum
911 2527 988 2586 oriri
1010 2527 1155 2605 ridetur,
1181 2529 1269 2609 quod
1290 2529 1500 2593 Burunitanus
1530 2525 1660 2608 quoque
1683 2526 1877 2598 allarnasrit3
1900 2527 2005 2588 'hunc
2027 2543 2104 2590 vero
2131 2545 2174 2588 ex
2198 2525 2276 2588 reli·

544 2645 635 2725 quita
662 2645 765 2708 sterni
791 2643 857 2706 fissi
887 2656 985 2724 atque
1002 2661 1116 2706 versus
1137 2643 1236 2708 latera
1253 2645 1415 2729 depressi,
1438 2645 1651 2708 efformatum
1671 2662 1751 2716 asae,
1772 2662 1812 2707 eo
1832 2644 1937 2728 magis
1956 2657 2059 2727 panto,¹
2076 2665 2154 2718 eum
2173 2646 2276 2710 semi·

545 2763 658 2826 eirouli
678 2761 769 2840 alno,
793 2763 911 2843 quibus
945 2776 1108 2824 monente
1131 2764 1326 2828 Buar‘rrarno
1341 2763 1551 2846 «compositus
1578 2777 1642 2840 est,
1668 2759 1801 2826 irtferne
1827 2764 1863 2822 in
1885 2764 2110 2845 cartilaginem
2140 2781 2272 2828 mucro·

546 2895 661 2948 natans
690 2881 874 2956 aoniluant,
900 2879 952 2959 (d)
982 2899 1064 2962 quae
1093 2883 1159 2964 ipsa
1187 2901 1209 2944 a
1239 2879 1522 2944 annullentur
1545 2883 1683 2944 mmsisi
1711 2882 1748 2968 in
1780 2897 1820 2944 eo
1846 2879 2020 2960 discrepat,
2053 2883 2140 2961 quod
2168 2883 2274 2950 nimia

541 2998 702 3062 brevitate
730 3012 762 3064 et
791 2997 1004 3060 crassitudine
1032 3000 1186 3084 gandeat,
1210 3017 1320 3080 neque
1347 2999 1501 3082 in'apirs
1531 2997 1775 3074 bifurcataaeesl
1802 3001 1909 3081 potitae
1935 2997 2054 3062 obtura
2077 2999 2274 3070 offendatur·

542 3117 703 3191 Ceterum
745 3129 778 3180 et
800 3113 1049 3198 suspensoriurn
1076 3118 1199 3202 hepatis
1220 3119 1452 3201 ligamentum,
1474 3119 1527 3200 (g)
1556 3133 1589 3180 et
1614 3116 1862 3180 musculirecti
1891 3117 2078 3183 abdominis
2098 3117 2176 3182 huic
2196 3136 2271 3202 pro·

545 3237 650 3300 mani
661 3236 836 3318 stiphoideo
848 3235 935 3297 affixi
947 3248 1035 3300 sunt.
1067 3237 1218 3318 superne
1233 3236 1706 3319 aperturalaudataligrrnento
1719 3235 1863 3314 quodam
1872 3238 2074 3300 'terminatur
2089 3237 2207 3313 albido,
2219 3238 2271 3316 (e)

546 3348 758 3416 teretiusculo
775 3373 813 3415 ao
829 3349 1022 3431 tendlnosoa
1039 3371 1126 3428 ason
1148 3356 1417 3436 eranquidam
1444 3373 1565 3416 aarum
1588 3352 1805 3425 solidissimo,
1823 3365 1928 3414 costae
1949 3355 2076 3432 primae
2099 3356 2271 3437 utriusque

545 3469 657 3534 lateris
676 3471 721 3530 ita
742 3469 925 3552 interjecto,
947 3471 1162 3553 ut·elara‘·'ope
1179 3473 1339 3554 separatae
1360 3473 1496 3534 tlaoracis
1518 3484 1623 3552 parrae
1645 3467 1899 3550 coniungantur.
1940 3468 2125 3542 claviculas
2145 3476 2270 3556 primae

547 3599 653 3652 castae
673 3585 842 3664 insident‚·
859 3587 1015 3669 capsulari
1027 3589 1220 3674 ¹ligamento
1241 3593 1381 3665 cinctae3
1410 3591 1450 3654 ab
1474 3603 1609 3668 utraque
1630 3605 1746 3650 ornnes
1767 3586 1925 3649 oriuntur.
1939 3590 2098 3669 musculi,
2117 3591 2174 3674 qui
2194 3591 2269 3664 alias

545 3707 688 3772 aeterni
706 3703 885 3769 manubrio
901 3705 1055 3768 extona-
1080 3706 1191 3772 unua
1209 3710 1406 3791 aetram,
1422 3727 1484 3772 neo
1500 3715 1645 3794 nanneto
1665 3705 1980 3800 pectantesviooeni
2035 3771 2039 3780 ,
2076 3763 2091 3784 ,1
2141 3752 2156 3782 ,,

1342 3965 1472 4051 sxa

546 4155 552 4162 ·
617 4127 763 4192 iamed
784 4122 888 4194 aaran
901 4121 1112 4200 etesiarum
1134 4131 1302 4216 majorum
1316 4127 1800 4218 'perscrutatloneina'ccedeuti
1822 4137 2041 4213 praemonere
2056 4123 2265 4205 tiaranauie

428 4308 432 4314 .
538 4243 754 4314 fflswnaavr
768 4239 847 4312 cirea
860 4247 1214 4338 hancranapropoaatc·
1226 4257 1307 4318 Satis
1322 4253 1413 4314 eninr
1426 4247 1702 4326 hahatallinnals,
1716 4241 2265 4330 sartam-esinistro,pulmonalem

540 4367 692 4428 arteriam
711 4359 864 4438 'e‘daxtrn
882 4367 1065 4440 ventriculo
1080 4373 1384 4456 originem'aluoere‚
1399 4375 1529 4430 'renam
1550 4365 1665 4431 alsam
1681 4381 1718 4431 et
1733 4373 1951 4452 superiorem,
1961 4375 2004 4428 et
2022 4359 2215 4422 inferiorem
2225 4359 2265 4422 in

539 4488 664 4548 atrium
686 4479 865 4562 des'rtrum‚‘
881 4489 1090 4570 pulruonsles
1117 4501 1229 4552 autern
1253 4489 1289 4548 in
1318 4483 1490 4550 sinistrum
1515 4486 1612 4551 hiare.
1657 4489 1696 4551 ln
1716 4491 1873 4553 omnibus
1891 4484 1979 4544 hisce
1999 4478 2084 4542 vasis
2105 4477 2190 4540 nihil
2210 4476 2265 4538 in·

540 4604 687 4664 consueti
709 4606 939 4668 animadvertit
951 4620 1083 4688 'praeter
1103 4606 1358 4690 longitudinem,
1376 4622 1511 4691 propter
1524 4607 1627 4670 cordia
1648 4605 1970 4669 situmabnormem
1987 4597 2076 4676 justo
2094 4595 2264 4676 aliquanti·

542 4737 617 4803 aper
636 4721 815 4802 majorem
836 4744 898 4805 qua
920 4725 961 4788 de
984 4743 1093 4787 caussa
1109 4727 1209 4788 etiarn
1235 4746 1307 4810 pars
1326 4729 1486 4808 quaedam
1507 4741 1608 4786 venae
1631 4740 1724 4784 cavae
1752 4719 1914 4788 inferioris
1935 4719 1971 4781 in
1990 4728 2117 4798 pectore
2138 4712 2262 4797 conspi-

454 4875 459 4884 ·
537 4841 633 4916 citur,
654 4860 737 4922 quae
758 4845 793 4904 in
817 4841 934 4905 fabrica
953 4845 1092 4906 naturali
1113 4847 1323 4918 desideratur,
1345 4863 1423 4904 cusu
1446 4863 1528 4904 versa
1545 4861 1632 4916 cara,
1649 4839 1810 4923 perforato
1834 4835 2074 4921 diaphragmate
2092 4834 2203 4899 statim
2224 4833 2262 4893 in

536 4960 641 5026 cardia
661 4961 785 5028 ,attium
801 4961 969 5039 dextrum,
989 4963 1068 5025 hrain
1086 4967 1238 5029 musculo
1263 4965 1441 5038 adnexum,
1463 4982 1532 5026 ease
1550 4964 1741 5043 ‚immergar

617 5078 775 5140 Attamen
787 5095 875 5139 cum
896 5097 966 5141 non
990 5081 1107 5142 solutu·
1123 5083 1367 5168 indagationem
1383 5083 1447 5144 insi
1467 5082 1604 5164 pectoris
1624 5079 1850 5142 stsrnnaao
1870 5073 1949 5138 olim
1971 5073 2157 5138 lustimtam
2169 5085 2261 5151 repe·

532 5209 652 5277 “siffis
670 5216 790 5260 iilum
812 5197 913 5261 “iim
933 5175 1040 5281 ΡΜ
1063 5199 1144 5264 circa
1168 5198 1293 5275 collum
1314 5199 1492 5269 ademarius
1510 5209 1739 5284 perscrutarer,
1758 5213 1843 5263 mox
1853 5181 2125 5278 commemoratu
2138 5189 2261 5274 dignis·
