5064 6286
467 713 594 815 .36

467 929 476 952 ‘
539 919 674 986 sinistra
696 912 805 1002 digiti,
828 923 964 998 excepto
980 909 1118 996 pallies,
1142 909 1306 976 mutdati.
1341 909 1443 976 (ilaus
1462 907 1556 996 penis
1576 909 1739 984 incurvati
1762 907 1837 994 plus
1864 907 1953 992 iusto
1979 910 2108 978 tumida
2136 913 2200 980 luit
2227 932 2261 984 et

535 1039 635 1132 breve
656 1035 880 1128 praeputium,
896 1043 1156 1136 quo-tegeretur,
1189 1030 1336 1095 babebat
1377 1031 1493 1110 Fetus,
1515 1029 1621 1114 quoad
1643 1041 1749 1096 cetera
1767 1029 1852 1094 bene
1876 1029 2100 1098 conformatus
2126 1033 2191 1137 init
2212 1047 2261 1101 at·

533 1157 777 1242 quanutritua.
1016 1179 1022 1196 ¹
1174 1170 1182 1196 ι
1353 1155 1359 1185 ¹
1400 1132 1405 1143 ’
1754 1161 1761 1187 ¹
1877 1175 1887 1202 s
1960 1174 1966 1185 ¹
2014 1137 2021 1195 5
2095 1131 2102 1191 ἶ
2153 1141 2168 1208 l

1257 1349 1459 1434 ϊιι.
1673 1351 1824 1416 ³··
1990 1348 2201 1411 *¹¹2

617 1487 770 1554 Heroum
796 1489 829 1570 ⁸)
857 1487 1039 1556 observatio
1061 1483 1170 1560 [emm
1190 1485 1274 1553 sistit
1295 1499 1487 1566 maturum,
1511 1498 1690 1552 mortuum
1703 1499 1825 1554 tamen
1849 1488 1887 1551 in
1908 1487 2020 1552 lucem
2042 1487 2187 1569 aditum,
2220 1490 2258 1556 in

535 1627 602 1694 quo
623 1629 694 1674 non
715 1609 826 1674 solum
844 1609 1031 1672 abdominis
1054 1619 1244 1692 tegumenta
1265 1617 1298 1669 et
1315 1606 1471 1683 musculi,
1491 1625 1611 1669 venam
1634 1607 1733 1669 etiam
1756 1607 1859 1690 pelvis
1881 1620 1913 1670 et
1933 1610 2152 1672 extremitates
2174 1610 2270 1674 infe·-
2334 1585 2340 1596 ’

534 1729 636 1792 riores
663 1747 797 1810 prorsus
825 1727 1098 1790 desiderabantur.
1140 1725 1288 1790 Partium
1315 1723 1509 1808 genitalium
1538 1743 1582 1788 ns
1612 1726 1789 1810 vestigium
1815 1725 1950 1808 quidem
1974 1727 2090 1792 aderat.
2130 1729 2258 1794 Viscera

534 1845 722 1910 abdominis
743 1847 858 1908 omnia
886 1846 974 1908 nuda
994 1843 1260 1928 propendebant,
1291 1843 1483 1906 tenuissima
1509 1842 1722 1919 solummodo
1751 1855 1846 1926 atque
1872 1844 2033 1926 pellucido
2061 1848 2257 1912 membrana

534 1964 692 2041 obducta,
712 1983 794 2046 quas
813 1965 903 2050 inter
920 1975 1030 2046 partus
1050 1962 1174 2028 labores
1188 1974 1344 2046 perrupta
1363 1976 1437 2025 erat.
1478 1961 1594 2044 Hepar,
1607 1959 1770 2046 legitimae
1791 1963 2028 2046 magnitudinis
2050 1965 2086 2026 in
2107 1965 2189 2032 duos
2208 1967 2257 2030 lo·

532 2082 593 2154 boa
611 2101 680 2144 non
703 2083 778 2144 satia
799 2081 990 2164 compienne
1012 2063 1278 2162 divisum'atque
1302 2079 1458 2174 singulari
1482 2081 1622 2140 incisura
1652 2078 1851 2142 instructum
1881 2094 1966 2155 erat,
1993 2070 2056 2163 qua
2072 2081 2255 2177 'funiculus

531 2200 731 2265 umbiliealia
753 2199 966 2268 inserebatur.
1008 2197 1110 2282 Supra
1132 2198 1231 2284 hepar
1254 2217 1367 2260 versus
1388 2199 1561 2262 sinistrum
1581 2195 1665 2260 latus
1685 2217 1749 2273 cor,
1769 2182 1946 2280 periea'rdio
1965 2199 2134 2264 inclusum
2154 2217 2253 2269 trane·

530 2321 656 2384 atesim
677 2319 909 2404 propendebat,
928 2319 982 2382 cui
1003 2319 1230 2382 sinistrorsum
1248 2317 1316 2380 lien
1339 2315 1513 2392 adcubuit,
1534 2317 1654 2398 quibus
1675 2313 1885 2378 visceribue'
1876 2315 2064 2395 interjectus
2087 2283 2255 2388 ventrina:

529 2439 585 2504 lus
605 2459 645 2502 ex
666 2453 754 2524 parte
775 2438 1009 2502 tantummodo
1031 2437 1173 2522 conspici
1193 2449 1326 2520 poterat.
1369 2435 1588 2522 Diaphragma
1608 2433 1858 2503 desiderabatur.
1886 2435 1994 2498 Partes
2012 2435 2146 2502 infantis
2159 2460 2255 2528 supe

528 2559 633 2641 riores
646 2560 721 2621 satie
742 2557 828 2620 bene
848 2557 1007 2620 mamatae
1030 2567 1139 2630 arant3
1167 2555 1203 2616 in
1225 2555 1367 2618 humero
1391 2567 1503 2616 tamen
1517 2553 1629 2615 dextro
1642 2571 1775 2626 osseum
1788 2551 1996 2646 prominebat
2010 2555 2255 2672 rudimentum,

531 2675 669 2763 femoris
689 2675 833 2739 formam
856 2677 1039 2748 mentiens,
1058 2693 1199 2758 eupeme
1224 2675 1383 2736 obtusum
1405 2684 1503 2754 atque
1522 2673 1559 2733 in
1580 2671 1663 2734 duos
1683 2690 1852 2753 processus
1873 2675 2132 2775 terminatum,'
2122 2698 2159 2739 ιιι
2182 2682 2253 2764 qui·

528 2791 593 2856 bus
616 2795 782 2880 unguium
805 2797 937 2880 vestigia
959 2794 1253 2876 conspiciebantur.

528 3001 533 3008 ¹
614 2927 830 2995 simillimam
851 2927 958 2991 adhue
970 2929 1103 2990 Κιιιιιιιι
1119 2925 1153 3004 ²)
1168 2925 1432 2990 observationem
1447 2926 1536 2989 bisce
1555 2925 1680 2990 casibus
1698 2923 1861 3006 adjiciam,
1886 2923 1978 3006 cujus
1993 2927 2126 2991 historia
2141 2931 2178 2994 ad
2193 2951 2252 3002 rne

528 3046 678 3128 pervenit
701 3066 780 3109 eum
798 3049 945 3110 maxima
962 3046 1065 3111 libelli
1083 3065 1155 3128 pars
1176 3043 1245 3124 iam
1267 3059 1350 3108 esest
1370 3047 1537 3128 impressa.
1578 3044 1674 3107 Fetus
1696 3044 1750 3106 bie
1772 3061 1867 3106 sexus
1888 3047 2047 3128 sequioris
2064 3047 2125 3111 sub
2147 3051 2251 3118 finem

528 3164 635 3228 octavi
653 3167 777 3230 mensis
797 3186 814 3228 s
835 3165 1013 3248 primipara
1032 3165 1068 3226 in
1087 3163 1199 3229 lucem
1221 3163 1374 3240 emissus,
1392 3163 1478 3227 vitae
1499 3163 1589 3250 signa
1607 3163 1729 3246 aliquot
1748 3163 1871 3226 edebat.
1910 3164 1961 3228 Ad
1983 3165 2175 3232 inferiorem
2194 3191 2250 3236 us·

528 3299 593 3364 que
613 3282 748 3349 thoracis
768 3285 955 3368 marginem
977 3284 1062 3348 bene
1081 3253 1306 3368 conformatus
1335 3295 1419 3374 erat,
1444 3281 1484 3342 ab
1509 3281 1568 3346 bae
1589 3281 1666 3344 inde
1688 3293 1777 3365 parte
1799 3284 2026 3380 integumenta
2055 3291 2250 3356 eommunia

527 3410 562 3462 et
583 3400 729 3464 musculi
749 3403 839 3482 quasi
859 3401 963 3464 cultro
982 3402 1118 3467 abscissa
1137 3401 1337 3478 ‹lelteiebant,
1351 3401 1396 3464 ita
1417 3413 1456 3464 ιιι
1469 3402 1583 3464 omnia
1606 3401 1791 3465 abdominis
1814 3401 1943 3478 viscera,
1964 3420 2005 3464 ex
2020 3416 2109 3487 parte
2121 3406 2250 3481 solum,

525 3517 629 3580 modo
650 3519 818 3602 peritoneo
839 3522 927 3612 inter
948 3523 1147 3586 seinvicem
1165 3521 1352 3602 conjuncta,
1381 3519 1469 3582 nuda
1494 3517 1744 3603 propenderent.
1784 3520 1872 3582 inter
1890 3520 1987 3602 hepar
2007 3522 2149 3610 ingentis
2175 3547 2249 3592 ma.

527 3635 715 3720 gnitudinis
739 3638 848 3701 media
869 3653 960 3722 parte
983 3641 1108 3720 fissum,
1125 3653 1160 3702 et
1179 3640 1401 3704 ventriculum
1424 3657 1503 3701 enm
1525 3639 1613 3701 liene
1634 3637 1753 3700 intime
1776 3641 2014 3720 conjunctum,
2041 3662 2095 3705 cor
2113 3645 2249 3726 pericar-

527 3751 584 3816 dio
602 3753 772 3818 inclusum
794 3774 835 3819 ex
861 3757 1006 3822 maxima
1036 3771 1125 3842 parte
1146 3759 1363 3842 prominebat.
1386 3757 1605 3842 Diapbragms
1619 3757 1695 3817 eatis
1712 3760 1929 3840 conspicuum
1949 3775 2025 3825 aret.
2053 3763 2247 3848 (Quomodo

524 3885 636 3941 atatem
657 3890 711 3936 eor
734 3875 771 3935 in
792 3875 979 3940 abdominis
1008 3897 1126 3940 cavum
1147 3877 1209 3940 sibi
1231 3880 1319 3944 riam
1343 3877 1522 3960 paraverit,
1548 3890 1665 3940 utrum
1682 3897 1740 3959 per
1764 3877 2010 3962 diaphragmatie
2034 3879 2174 3956 hiatum,
2202 3898 2247 3942 an

524 3989 589 4054 boe
611 3991 679 4074 ipso
701 4009 719 4056 a
740 4006 907 4056 costarum
930 3994 1167 4080 cartilaginibus
1189 3997 1296 4060 soluto
1317 4010 1412 4078 atque
1435 3995 1598 4076 depresso,
1627 3995 1735 4053 verbis
1757 3995 1850 4052 certis
1873 4011 1940 4055 non
1964 4005 2012 4052 eet
2033 4001 2246 4076 enarratum.)

523 4105 690 4172 Columna
714 4109 846 4172 dorsalis
864 4112 944 4172 eirea
967 4114 1111 4195 primam
1133 4115 1315 4174 vertebram
1330 4110 1512 4174 lumbalem
1529 4120 1695 4190 tantopere
1712 4084 1822 4166 rerem
1838 4107 1992 4170 dextrum
2014 4111 2095 4173 latus
2110 4131 2177 4176 erat
2192 4137 2245 4179 re·

525 4225 617 4300 flexa,
636 4240 674 4291 ut
694 4225 830 4292 femoris
851 4227 956 4294 dextri
977 4231 1159 4294 trocbanter
1180 4231 1310 4294 foveam
1337 4228 1504 4289 axillarem
1523 4225 1715 4306 attingeret,
1740 4240 1843 4286 costae
1864 4239 1977 4290 autem
1998 4230 2167 4312 valdopere
2195 4253 2245 4298 es.

523 4359 598 4411 sent
617 4363 827 4427 compressae.
868 4348 938 4412 Hae
963 4368 1093 4432 quoque
1116 4349 1270 4431 singulari
1298 4345 1524 4406 incurvatione
1553 4341 1678 4406 lactum
1710 4357 1775 4424 est,
1813 4357 1850 4407 ut
1880 4365 1962 4408 anus
1993 4359 2120 4428 apertus
2147 4368 2243 4435 eupra

520 4475 627 4546 partes
644 4465 798 4548 genitales
817 4479 964 4530 externae
982 4469 1105 4550 positus
1127 4478 1222 4538 esset,
1242 4465 1278 4523 in
1301 4463 1387 4524 hisce
1407 4477 1485 4526 vero
1506 4462 1660 4528 introitus
1680 4465 1718 4528 ad
1738 4488 1798 4549 rga
1801 4468 1890 4526 inam
1910 4467 2113 4544 superiorem
2130 4469 2244 4540 locum

521 4591 646 4644 teneret
673 4581 832 4660 clitoride5
860 4585 941 4650 labia
970 4585 1117 4648 insolitae
1137 4593 1228 4640 erant
1250 4581 1498 4664 magnitudinis.
1534 4585 1572 4646 ln
1592 4585 1689 4647 latere
1712 4586 1841 4646 sinistro
1864 4600 1932 4641 non
1953 4583 2063 4645 solum
2087 4593 2243 4652 extremi·

518 4712 567 4766 iae
590 4699 736 4800 inferior,
752 4723 869 4766 verum
890 4705 997 4765 etiam
1015 4719 1084 4764 ossa
1104 4697 1206 4780 pelvis
1227 4720 1357 4783 prorsus
1379 4701 1650 4764 desiderabantur
1692 4701 1715 4762 F
1718 4699 1842 4760 unrcnlr
1863 4700 2057 4765 umbilicalis
2079 4725 2123 4770 ne
2144 4711 2242 4776 vesti·

518 4819 614 4906 giem
637 4821 770 4904 quidem
793 4823 916 4894 aderat,
940 4819 1118 4883 accuratior
1142 4839 1217 4882 vero
1238 4820 1337 4900 hujus
1356 4810 1498 4882 menstri
1518 4821 1726 4902 perscrutatio
1747 4839 1817 4882 non
1836 4819 1900 4882 tuit
1919 4825 2085 4904 permissa.

584 5086 615 5156 1)
634 5085 768 5136 Srrsu’a
784 5083 885 5137 Archiv
903 5081 949 5134 iiir
969 5081 1010 5136 die
1031 5084 1177 5140 Gaburteh.
1200 5087 1220 5138 1.
1242 5087 1283 5140 nd
1312 5105 1336 5142 a.
1355 5085 1449 5142 stili.
1470 5087 1540 5139 Seite
1558 5101 1601 5160 37.
1621 5106 1659 5162 aq.
1693 5085 1764 5142 Tab.
1785 5085 1806 5146 1.
1827 5081 1864 5146 11.

581 5203 613 5274 2)
630 5202 772 5256 illaetab'a
796 5197 946 5256 Deutschee
965 5203 1067 5256 Arrlnv
1085 5205 1130 5258 tur
1150 5207 1177 5262 d.
1197 5205 1228 5256 tt
1239 5206 1319 5274 prul.
1341 5207 1390 5264 lll.
1409 5207 1457 5260 lid.
1479 5207 1530 5264 tu.
1549 5207 1625 5260 fleta.
1644 5207 1671 5264 b.
1688 5225 1748 5281 591.
1771 5209 1839 5263 Tab.
1860 5206 1910 5268 VI.
