5064 6286
1964 739 2016 828 ιδ

294 940 416 1003 simam
436 935 561 1001 turoni:
601 929 762 1000 Glaniula
783 927 904 995 soiliost
925 925 1079 1012 thymus,
1101 943 1187 1013 quas·
1200 931 1375 996 eallissima
1392 906 1457 1010 est,
1489 927 1663 1016 fabamque
1682 933 1814 1000 suillam
1845 949 1877 998 et
1910 933 2017 1004 forma

252 1031 255 1045 ¹
285 1069 330 1122 st
347 1056 573 1141 magnitudine
596 1047 760 1126 imitator,
775 1069 876 1148 supra
892 1049 1112 1134 ligamentum
1126 1051 1385 1130 tsrstlusculuan,
1407 1054 1503 1122 costis
1517 1053 1643 1116 duabus
1657 1055 1773 1136 primis
1793 1055 2016 1136 interjectum,

291 1177 480 1260 paullulum
499 1173 668 1256 preminet
687 1181 720 1232 st
740 1187 855 1234 armm
877 1183 997 1232 sorus·
1010 1189 1050 1236 eat
1091 1181 1182 1252 parts
1199 1169 1331 1254 obtegis
1371 1169 1443 1255 Qua
1465 1189 1542 1234 vero
1563 1171 1685 1234 elevata
1706 1172 1834 1254 telaque
1863 1173 2015 1240 oellulosa

291 1309 432 1369 remota,
452 1298 722 1372 inconspectum
740 1300 906 1353 venerunt
926 1289 1039 1350 arteris
1057 1289 1266 1352 innominata
1288 1300 1321 1351 at
1346 1290 1459 1350 aarotia
1484 1289 1612 1352 sinistra
1633 1290 1674 1352 ab
1695 1309 1772 1352 arou
1792 1305 1897 1354 aortse
1919 1293 2015 1374 profi.

283 1413 458 1490 oisuenoes,
479 1411 566 1491 jaaao
586 1408 711 1471 ustus·
725 1406 924 1486 tlispssitas3¹
949 1425 1052 1467 venas
1072 1417 1185 1470 autem
1204 1405 1574 1492 iugulartsmmmanta
1592 1407 1764 1487 urrisun,
1781 1427 1863 1492 qnae
1881 1410 1956 1474 alias
1977 1411 2015 1478 iu

288 1529 350 1594 hau
376 1531 489 1593 infima
516 1527 590 1592 oolli
616 1539 705 1608 parte
730 1541 852 1586 venam
878 1524 1061 1610 iugularem
1098 1521 1248 1624 dextram
1271 1528 1486 1592 transversim
1513 1539 1624 1608 petere
1644 1528 1815 1604 solet,.ne
1834 1529 2016 1612 uestigium

286 1649 425 1732 quidem
447 1649 580 1722 inveni,
597 1642 693 1706 aaode
705 1642 794 1702 novi·
808 1641 885 1723 quid
905 1643 1003 1724 atque
1025 1641 1148 1704 insoliti
1166 1644 1359 1727 suspicabar.
1401 1646 1511 1726 HuJ'us
1531 1645 1581 1706 rei
1601 1646 1856 1728 explicationem
1865 1664 2014 1728 perscru-

283 1771 367 1830 tatis
387 1769 468 1831 droa
488 1769 666 1829 decursum
686 1775 788 1821 venas
814 1756 971 1844 jugularit
999 1761 1158 1837 aioiatne,
1177 1771 1256 1824 tatu·
1268 1776 1435 1840 mamas,
1455 1781 1561 1845 quam
1577 1761 1725 1828 intumas
1746 1764 2014 1838 instituta,.mihi

281 1885 453 1962 uhibuitt
484 1885 562 1947 haec
585 1884 676 1942 enlm
707 1895 783 1951 ¹vasa
809 1895 889 1938 oum
913 1877 1078 1940 subolevia
1099 1897 1183 1940 vena
1212 1879 1249 1940 in
1272 1899 1494 1944 communem
1516 1892 1675 1942 truncum
1695 1880 1927 1957 confluebant,
1946 1881 2013 1964 qui,

283 1995 423 2058 nmaalia
444 1995 570 2056 duabus
590 1994 746 2076 thymiois
762 1995 930 2076 susceptis,
951 1995 1014 2058 sub
1033 1993 1187 2056 clavicula
1207 1993 1424 2072 dssosndens,
1442 1996 1586 2060 muttum
1609 1997 1722 2060 foueas
1741 1999 1892 2062 laudatae
1905 1999 2014 2081 perfo-

284 2111 375 2176 rabat
397 2125 429 2172 et
452 2113 488 2172 in
507 2111 682 2174 sinistrum
707 2111 814 2175 cordis
843 2113 965 2176 atrium
988 2111 1256 2194 immergebatur.
1298 2113 1526 2195 Reperiuntur-
1538 2133 1615 2198 ergo
1638 2116 1674 2178 in
1694 2116 1760 2180 hoo
1780 2114 1907 2182 infante
1929 2117 2013 2184 duas

284 2249 381 2296 narse
405 2230 589 2311 superiores
611 2234 638 2292 's
664 2231 764 2292 ramis
783 2233 820 2292 in
841 2243 983 2314 utroque
1001 2231 1104 2294 latere
1123 2230 1255 2312 paribus
1276 2230 1437 2306 conflatae,
1461 2223 1637 2296 volumine
1651 2253 1782 2315 prorsus
1800 2235 1863 2298 sibl
1876 2236 2012 2304 similes.

281 2347 405 2412 Dextra
427 2361 541 2410 seuseu
557 2347 626 2410 sola
645 2367 769 2412 venam
789 2366 928 2434 azygam
949 2351 1073 2431 recipit.
1116 2345 1254 2409 Sinistra
1278 2348 1392 2410 eadem
1415 2358 1473 2422 ast,
1495 2365 1595 2430 qoam
1617 2347 1826 2414 narratura
1854 2373 1913 2436 pro
1934 2353 2012 2434 pul-

281 2465 410 2530 monali
430 2484 513 2528 uena
530 2465 645 2530 hebuit
664 2477 698 2528 et
716 2467 752 2528 in
772 2467 873 2550 ligura
889 2469 1032 2530 securula
1051 2466 1133 2527 Tab.
1150 2466 1189 2526 11.
1207 2464 1256 2524 lit.
1278 2485 1308 2529 e.
1329 2465 1485 2528 delineari
1515 2468 1652 2530 ornavit.
1682 2497 1726 2516 -·
1768 2467 1906 2534 sarium
1932 2471 2012 2538 dexo

280 2597 373 2650 oum
393 2595 427 2648 et
445 2603 560 2648 cavam
581 2585 785 2666 superiorem
803 2582 953 2646 dextram
972 2595 1005 2646 et
1026 2581 1220 2646 inferiorem
1241 2583 1354 2664 resipit
1362 2601 1381 2655 ι.
1394 2582 1430 2644 iu
1448 2582 1583 2646 sinistro
1593 2585 1674 2648 strio
1693 2599 1818 2666 praeter
1838 2587 2008 2652 insolitam

279 2703 385 2786 hujus
404 2703 513 2766 lateris
532 2719 647 2764 cavam
665 2701 870 2782 superiorem
893 2700 1099 2786 pulmonales
1123 2699 1222 2762 etiarn
1243 2717 1348 2764 venae
1364 2700 1535 2764 liniuntur.
1578 2702 1740 2766 Foramen
1752 2705 1845 2769 ovale
1858 2721 2010 2790 apertum

277 2820 619 2890 nataralirotumina
636 2819 764 2906 gaudet.
806 2819 946 2901 Septum
968 2816 1231 2880 ventricolarum
1251 2817 1289 2878 in
1310 2817 1576 2900 superiereparte
1596 2820 1729 2882 insolito
1754 2819 1919 2888 foramine
1936 2845 2010 2907 per·

276 2941 435 3020 mutam,
456 2939 553 3004 unde.
565 2935 742 3002 ventrieoli
763 2937 850 3000 iaaier
867 2955 906 2998 ss
922 2936 1070 2998 invicem
1091 2934 1379 3000 communicant„
1396 2935 1602 3000 Pulmonalis
1617 2939 1731 3002 arteria
1761 2939 1910 3020 adeatro
1929 2963 2008 3008 vsu·

277 3059 395 3124 trieulo
421 3059 594 3131 emittitur,
615 3065 703 3118 sorta
724 3073 806 3118 vero
829 3055 865 3116 in
887 3069 1068 3135 utruruque
1089 3053 1313 3115 ventriculum
1333 3053 1412 3130 laist,
1435 3054 1471 3116 in
1492 3052 1647 3116 dextrum
1662 3068 1773 3118 tanren
1799 3061 1881 3121 ostio
1905 3079 2009 3144 angu-

277 3179 387 3252 stiore,
409 3177 537 3256 majore
559 3175 596 3236 io
617 3173 800 3235 sinistrum.
842 3174 972 3235 Ductus
993 3171 1166 3234 arteriasue
1189 3171 1387 3235 exilisaimua
1412 3184 1511 3253 atque
1536 3173 1794 3258 angustissimus.
1838 3176 1940 3240 Aorta
1965 3197 2007 3242 ex

276 3317 354 3366 arm
375 3295 487 3360 solitos
507 3310 616 3356 ramos
638 3291 817 3353 emittebat.

293 3461 298 3480 .
361 3414 542 3489 Pulmones
565 3411 760 3491 inpactum
780 3411 914 3474 cavitate
934 3411 1087 3488 latentes,
1099 3410 1224 3493 plenta¹
1238 3409 1484 3488 circumvoluti,
1513 3429 1531 3477 a
1550 3409 1691 3475 naturali
1714 3411 1847 3476 tramite
1868 3433 1930 3476 nee
1953 3433 2007 3477 co·

275 3535 353 3612 lore,
375 3551 439 3608 neo
452 3529 574 3606 forma,
596 3548 658 3590 neo
679 3529 852 3590 volumine
866 3530 1024 3592 aberrant.
1065 3528 1302 3592 Mediastinum
1317 3530 1465 3592 anticum
1489 3543 1674 3612 aperturam
1688 3531 1725 3592 in
1741 3531 1877 3593 thorace·
1885 3533 2007 3594 abnor-

274 3671 374 3731 masaa
391 3653 519 3712 interne
550 3646 687 3722 claudit,
711 3645 849 3726 ideoque
869 3667 949 3710 cum
970 3663 1045 3714 cute
1076 3659 1212 3714 exterus
1236 3647 1396 3712 coalitum
1416 3659 1475 3712 est.
1515 3647 1708 3732 inreliquis
1729 3649 1891 3736 pertibus,
1911 3666 1949 3712 ac
1968 3648 2006 3712 lu

274 3768 460 3844 sixlomlne
474 3762 569 3830 nihil.
581 3764 699 3826 vitiosi.
711 3777 880 3848 repertum
899 3777 971 3832 est..

1080 4031 1114 4124 §a
1154 4049 1212 4108 sot

358 4203 514 4272 Alteram
524 4209 806 4292 observationem,
829 4229 930 4295 qoam
946 4203 1090 4274 arl'huno
1110 4212 1224 4273 locutu
1246 4205 1453 4276 referendam
1477 4231 1545 4278 esse
1567 4231 1701 4290 censeo,
1719 4209 1944 4274 Manmrsszrvs
1971 4205 2004 4286 ¹)

271 4325 452 4410 proposuit.
497 4327 743 4390 Novimestrem
762 4341 859 4412 atque
879 4343 1037 4421 vegetum
1066 4330 1148 4392 vidit
1169 4330 1352 4410 infantem,
1380 4331 1475 4393 corde
1498 4331 1647 4392 emedio
1668 4342 1797 4412 pectore
1819 4328 1904 4388 foras
1926 4341 2005 4406 pro-

273 4423 508 4555 'truaojtuuica
529 4444 664 4528 quidem
683 4449 811 4532 propris
831 4449 994 4526 involuto,
1014 4448 1190 4532 pericatrllo
1211 4467 1287 4528 vero
1298 4466 1431 4531 prorsus
1453 4461 1589 4511 carente.
1631 4448 1779 4510 Alternus
1793 4431 2004 4503 diastolea'ar.

272 4581 337 4648 qus
360 4563 485 4627 sistoles
505 4564 591 4624 vices
615 4563 787 4626 corculum
809 4576 878 4626 tam
901 4567 994 4624 valde
1016 4567 1151 4644 ciebat,
1165 4579 1204 4628 ut
1226 4577 1369 4628 ausuum
1391 4567 1682 4652 superimpositam
1710 4561 1928 4622 vehementes
1947 4577 2004 4619 ex·

272 4693 420 4758 euteret5
443 4681 531 4766 quod
553 4651 580 4744 si
602 4699 680 4744 vero
703 4659 858 4744 diuturna
887 4682 1131 4768 compressione
1159 4685 1378 4762 detineretur,
1407 4686 1499 4748 velut
1521 4683 1682 4746 asthmata
1700 4678 1873 4742 obsessum
1896 4689 2003 4760 pectus

343 4940 374 5014 ¹)
390 4939 519 4994 Maarraar
545 4941 697 4995 Manassae
724 4929 880 4998 observatio
902 4963 963 5004 rara
986 4945 1020 5001 rls
1039 4946 1121 5002 corde
1137 4946 1167 5000 in
1190 4955 1346 5002 monstroso
1363 4945 1515 5010 infantulo,
1534 4945 1582 5000 ubi
1601 4943 1691 4998 obiter
1708 4953 1735 4996 at
1752 4941 1860 4998 noviter
1874 4939 1907 4991 tle
1924 4945 2003 4991 moto

392 5031 483 5084 cordia
502 5043 528 5085 et
546 5035 680 5106 sanguinis
698 5037 792 5105 agitur.
813 5036 918 5090 Matriti
943 5055 1021 5112 2723·
1055 5039 1153 5096 sacua.
1178 5039 1208 5092 in
1238 5039 1350 5095 Nochea
1381 5042 1545 5094 anatomicos
1571 5035 1742 5092 ‹lanatomia
1759 5029 1954 5104 compendiosa
1972 5043 2003 5081 tu

277 5141 283 5163 ⁶
340 5142 367 5188 a«,
387 5133 472 5178 autor
488 5124 518 5177 el
536 5117 728 5184 nortwolt
750 5117 1014 5187 litum'ltlauiaaa.
1048 5119 1172 5188 simam
1185 5134 1371 5206 impressione.
1411 5129 1583 5188 mutatus„
1618 5132 1699 5184 Auno
1714 5127 1842 5200 61176οι
1862 5137 2002 5196 popm.

391 5225 418 5279 at
437 5217 468 5272 a'u
484 5217 615 5274 limmat
635 5219 783 5294 Disputatt.
802 5235 921 5282 matum.
940 5223 1031 5284 select.
1059 5225 1125 5283 vol.
1142 5227 1179 5291 tl,
1195 5246 1228 5303 p.
1240 5242 1306 5305 973«
