5036 6288
511 881 614 943 erant,
635 881 718 948 quas
736 883 753 928 a
774 860 942 945 peritoneo
965 857 1122 942 proficisci
1137 855 1317 920 videbatur.
1363 853 1455 920 Cutis
1477 856 1558 918 circa
1579 855 1687 920 hiatus
1704 859 1894 943 marginem
1914 861 2068 924 naturalis
2085 875 2170 940 erat;
2190 862 2243 927 fu-

512 987 644 1052 niculus
667 982 862 1048 umbilicaiia
884 984 921 1044 in
943 979 1056 1048 dextro
1077 978 1175 1040 latere
1198 976 1304 1038 cutim
1325 977 1513 1060 attingebat,
1533 975 1593 1040 ubi
1616 975 1819 1039 umbilicum
1838 977 2013 1060 formabat.
2062 982 2174 1048 infans
2193 985 2244 1044 vi.

514 1103 647 1172 samad
677 1104 792 1164 horam
820 1100 955 1164 unicam
981 1096 1141 1186 perduxit.
1191 1097 1241 1158 De
1271 1113 1352 1158 sexu
1373 1113 1481 1178 neque
1508 1096 1545 1156 iu
1567 1094 1629 1158 hoc
1649 1093 1736 1172 fetu,
1753 1113 1862 1178 neque
1884 1099 1922 1162 iu
1943 1101 2096 1166 otranno
2118 1099 2248 1182 aliquid

513 1223 707 1289 adnotatum
727 1233 785 1283 est.

599 1356 801 1433 Gmuorvs¹)
816 1351 956 1434 denique
971 1351 1116 1417 Veneriis
1128 1350 1236 1414 tetum
1250 1348 1333 1410 vidit
1354 1348 1556 1426 masculum,
1576 1361 1706 1432 pectore
1720 1361 1830 1432 aperto
1845 1363 1877 1416 et
1892 1351 2073 1434 visceribus
2086 1366 2174 1416 extra
2189 1352 2246 1416 ab·

515 1475 661 1540 dominis
682 1476 856 1537 cavitatem
879 1471 996 1538 effusis.
1043 1470 1145 1535 Pedes
1165 1483 1258 1532 erant
1280 1468 1424 1542 distorti,
1453 1468 1595 1530 testiculi
1623 1469 1760 1532 renibus
1789 1469 2022 1549 adhaerebant,
2049 1461 2245 1558 genitalium

515 1597 590 1669 loto
607 1593 693 1660 nihil
714 1605 784 1656 erat
803 1591 1021 1674 conspicuum
1041 1591 1109 1654 nisi
1128 1590 1339 1666 membrana,
1358 1589 1394 1650 in
1415 1607 1478 1670 qua
1500 1606 1576 1651 vasa
1596 1589 1792 1672 spermatico
1809 1590 1977 1656 recondita
1994 1604 2095 1654 erant.

1263 1893 1266 1900 .
1320 1837 1351 1921 ς.
1394 1849 1448 1918 52.

601 2009 715 2081 cordis
736 2010 899 2095 ectopians
916 2027 995 2070 cum
1017 2009 1238 2071 eventratione
1255 2008 1483 2092 complicatam
1499 2007 1535 2070 in
1554 2007 1659 2071 brutis
1682 2007 1783 2072 etiam
1797 2005 1963 2084 accidisse,
1987 2006 2202 2075 Horrusuuvs
2212 2011 2247 2092 ²)

513 2149 650 2211 testatus
666 2145 724 2197 est.
767 2129 919 2193 vitulum
940 2128 1123 2213 gemellum
1145 2128 1226 2189 vidit
1247 2144 1492 2207 monstrosum,
1521 2126 1668 2211 quorum
1689 2129 1770 2192 alter
1787 2130 1891 2209 justae
1921 2109 2157 2214 magnitudinis
2180 2143 2247 2193 erat

513 2273 549 2324 er
569 2268 665 2339 caput
676 2249 803 2314 medios
818 2235 904 2311 inter
917 2248 1012 2329 pedes
1027 2248 1063 2308 iu
1084 2246 1190 2309 altum
1207 2263 1379 2328 protensos
1391 2247 1588 2310 ostendebat.
1631 2248 1736 2310 Cossis
1748 2249 1949 2311 brevissimis
1965 2262 2061 2330 atque
2076 2251 2247 2331 mutilatis,

515 2376 609 2440 nul-la
631 2371 771 2436 thoracis
790 2369 906 2446 cavitas
929 2366 1071 2430 formata
1091 2379 1173 2428 erat,
1211 2365 1340 2429 Viscera
1360 2387 1378 2428 a
1399 2383 1524 2450 pastore
1544 2366 1653 2428 demta
1675 2382 1708 2430 et
1728 2367 1850 2447 abjecta
1871 2368 1992 2429 intueri
2015 2387 2084 2430 non
2101 2369 2246 2451 licuerat,

515 2495 582 2558 uisi
610 2511 666 2554 cor
690 2487 927 2572 prominulam
959 2505 1053 2570 supra
1079 2485 1429 2570 pedetn'anteriorem
1459 2486 1631 2561 dextrum;
1658 2487 1772 2567 procul
1798 2485 1900 2548 dubio
1922 2483 2033 2548 t'amen
2058 2483 2172 2549 eadem
2191 2488 2247 2573 tali

516 2614 585 2676 situ
603 2609 755 2692 disposita
777 2606 927 2683 fuerunt,
949 2618 1050 2687 prout
1071 2607 1107 2666 in
1130 2605 1230 2668 altero
1253 2605 1358 2666 vitulo
1380 2605 1505 2664 minori
1533 2585 1602 2666 sese
1627 2604 1839 2681 obtulerunt,
1865 2604 1958 2684 cujus
1991 2620 2086 2688 caput
2116 2617 2244 2668 antror-

517 2750 596 2794 sum
617 2725 795 2813 spectabat,
811 2725 947 2808 pedibus
967 2725 1084 2806 pariter
1102 2743 1237 2785 sursum
1259 2723 1393 2785 elevatis
1418 2736 1450 2784 et
1469 2723 1563 2784 costis
1585 2721 1777 2804 depravatis*
1817 2725 1918 2787 Nulla·
1944 2725 2082 2787 meracis
2105 2740 2161 2786 aut
2183 2725 2245 2786 imi

515 2849 640 2914 ventris
661 2845 830 2909 efformata
854 2855 920 2905 arat
941 2847 1068 2917 cavitas,
1089 2842 1146 2904 'scd
1167 2861 1221 2902 cor
1241 2841 1301 2904 sub
1323 2841 1406 2903 coilo
1442 2827 1648 2924 pendulum.
1666 2841 1787 2924 reliqua
1809 2855 1921 2905 autem
1937 2841 2065 2906 'viscera
2085 2858 2173 2907 extra
2190 2843 2246 2906 ab·

517 2969 643 3033 domm
662 2961 910 3048 propendentia,
931 2960 1071 3022 naturali
1089 2959 1205 3043 figurae
1222 2961 1336 3022 ordine
1356 2975 1388 3022 et
1409 2960 1473 3021 situ
1497 2978 1644 3044 congruo
1664 2960 1817 3023 collocata
1838 2974 1938 3024 erant.

599 3101 676 3162 Duo
698 3097 873 3158 simillima
884 3093 1000 3158 sceleta
1015 3093 1198 3156 vitulorum
1208 3113 1319 3155 recens
1334 3108 1511 3174 natorum,
1530 3093 1588 3174 qui
1609 3093 1758 3176 proxime
1780 3094 1820 3156 ad
1832 3096 1951 3159 urbem
1969 3097 2167 3161 Berolinum
2189 3098 2226 3161 in

514 3238 595 3306 agro
613 3216 829 3280 Daldorfiensi
854 3226 886 3275 et
906 3212 1125 3276 Zietheniensi
1150 3213 1186 3273 in
1205 3211 1318 3274 lucem
1341 3191 1526 3287 edissam,
1547 3225 1753 3275 asservantur
1772 3215 1811 3276 in
1830 3217 1945 3278 ttuseo
1960 3216 2087 3278 scholae
2102 3218 2227 3279 veteri·

516 3339 626 3401 uarias
646 3333 751 3397 Be‘roi.
791 3333 916 3396 costae'
928 3345 1108 3393 retrorsum
1132 3331 1213 3392 circa
1234 3347 1406 3412 processus·
1421 3332 1573 3412 spinosos
1589 3331 1725 3396 reflexae
1740 3332 1973 3412 offenduntor3
1996 3336 2246 3400 columua'ver·

514 3456 685 3519 tebrarum
707 3463 875 3533 tantopere
897 3463 1064 3514 recurvata
1085 3461 1153 3522 est„
1166 3461 1205 3509 ut
1226 3450 1329 3530 pelvis
1349 3450 1468 3512 cervici
1490 3450 1797 3531 superincumbens
1818 3469 1851 3516 et
1873 3455 1972 3538 pedes
1982 3457 2173 3538 posteriores
2187 3474 2246 3518 an·

516 3589 664 3638 uorsum
687 3569 943 3653 porrigerentur,
965 3580 1060 3651 caput
1079 3577 1192 3630 autem
1214 3582 1354 3649 quatuor
1376 3568 1638 3632 extremitatibus
1649 3570 1864 3651 interjectum
1881 3574 2055 3656 adpareret·
2096 3577 2134 3638 ln
2154 3588 2247 3640 utro·

515 3713 580 3781 qaas
602 3691 709 3754 ritulo
733 3687 918 3752 abdominis
940 3685 1184 3750 viscereeffusa
1209 3687 1563 3763 circumstemur
1587 3690 1704 3769 etiam,
1735 3691 1912 3773 pericardio
1942 3693 2132 3757 eblevatum
2158 3705 2246 3756 esttrs

515 3821 712 3896 tegumenta
734 3808 925 3870 communia
946 3805 1174 3891 promittebam
1196 3807 1374 3888 pulmones
1397 3805 1672 3882 desiderabantur,
1703 3811 1810 3873 tuales
1823 3831 1968 3876 carnosa
1996 3811 2086 3872 cordi
2109 3810 2245 3871 adcum-

514 3932 627 4007 bebet,
645 3948 663 3990 a
682 3927 887 4010 pulmonum
908 3925 1090 3992 substantia
1109 3943 1240 4006 prorsus
1259 3927 1373 3993 aliena.
1419 3925 1668 3992 Ascuratiorem·
1701 3929 1951 4014 descriptionem
1978 3941 2075 4010 atque
2103 3925 2243 3989 delinea-

515 4053 644 4114 tionem
666 4047 788 4109 horum
807 4045 1003 4106 sceleratum
1024 4045 1104 4124 Rapa
1127 4044 1311 4108 iiacnrncru
1334 4045 1523 4123 exhibebit,
1539 4049 1686 4129 quianon
1711 4051 1822 4112 solum
1842 4061 2047 4112 monstrosae
2072 4021 2172 4124 hujus
2196 4043 2243 4106 ia«

513 4171 633 4246 bricae,
643 4163 877 4246 exemplorum
896 4163 1059 4223 intuitum
1083 4159 1167 4221 mihi
1185 4163 1486 4243 praebuissemus
1506 4166 1607 4230 etiam
1628 4168 1892 4236 observationem
1909 4169 1949 4232 irs·
1961 4165 2168 4233 cadaveribus
2186 4165 2224 4222 in

514 4293 664 4355 stitutam
685 4282 844 4346 benevole
866 4297 1002 4342 mecum
1025 4282 1295 4345 communicavit.

523 4446 1006 4475 .--—---—----

582 4551 613 4617 1)
629 4542 837 4618 philosophical
852 4541 1054 4606 Transactions,
1071 4543 1138 4604 vot.
1156 4549 1190 4605 V.
1209 4545 1264 4600 For
1283 4551 1362 4621 1670.
1385 4548 1443 4608 No.
1462 4557 1506 4626 58.
1526 4571 1562 4628 p.¹
1580 4545 1657 4632 ⁰898

583 4665 616 4746 s)
636 4663 755 4728 mersu
773 4662 843 4721 uu.
860 4661 1014 4726 ωας.
1031 4661 1087 4719 su.
1101 4663 1135 4724 s.
1152 4663 1182 4720 n
1199 4665 1416 4728 oss-catur.
1437 4651 1499 4744 m
1518 4677 1579 4744 ut·
1600 4669 1671 4724 res.
1689 4661 1735 4730 Β·
