5064 6286
624 1017 800 1087 Brachium
810 1013 965 1082 dextrum
977 1015 1063 1080 bene
1080 1014 1328 1082 conformatum
1341 1031 1399 1089 est,
1414 1019 1450 1080 in
1465 1015 1575 1082 media
1586 1029 1699 1083 temen
1712 1019 1872 1105 marginis
1887 1022 2009 1087 ulnaris
2020 1041 2111 1110 parts
2124 1031 2260 1116 parvule

540 1140 756 1204 excrescentia
777 1155 908 1201 carnosa
929 1135 1213 1214 animadvertitur,
1236 1135 1326 1221 digiti
1346 1131 1491 1200 formam
1512 1139 1661 1218 imitans,
1684 1158 1765 1221 quae
1784 1141 1852 1202 cuti
1865 1141 1985 1206 insidet
1999 1157 2094 1228 atque
2111 1149 2170 1212 lrac
2192 1151 2259 1234 ipsa

540 1260 711 1344 obtegitur.
753 1257 856 1344 Digiti
875 1256 912 1317 in
933 1273 1039 1318 manu
1058 1257 1203 1338 quinque
1222 1267 1453 1334 numerantur,
1472 1257 1640 1341 unguibus
1662 1259 1824 1322 instructi.
1876 1261 2007 1326 Bracbii
2027 1266 2152 1330 sinistri
2175 1288 2258 1332 non·

539 1379 604 1442 nisi
623 1376 855 1440 rudimentum
879 1371 1025 1436 informe
1047 1375 1147 1451 adest,
1174 1374 1287 1438 locum
1318 1387 1429 1436 tamen
1450 1391 1648 1438 consuetum
1672 1390 1838 1461 tantopere
1859 1382 2014 1457 mutarit,
2033 1397 2082 1460 ,ut
2097 1404 2197 1469 prope
2219 1385 2261 1449 ad

537 1496 684 1580 mediam
702 1506 829 1580 partem
847 1493 1002 1577 marginis
1021 1493 1126 1557 dextri
1141 1493 1270 1558 fissurae
1290 1490 1519 1568 abdominalis
1546 1490 1632 1556 haud
1659 1495 1756 1582 longe
1783 1515 1880 1582 supra
1900 1497 2041 1561 funiculi
2062 1504 2260 1582 umbilicalis

537 1615 737 1678 divisionem
766 1609 1075 1696 deprehenderetur,
1111 1612 1178 1673 cuti
1205 1611 1418 1677 solummodo
1443 1611 1600 1676 adfixum.
1647 1613 1743 1700 Quod
1771 1634 1850 1680 vero
1877 1617 2052 1704 analogum
2073 1620 2197 1685 brachii
2216 1643 2256 1687 ex

537 1735 639 1796 unico
659 1731 804 1795 consistit
825 1749 895 1794 osse
917 1729 1071 1816 oblongo,
1092 1729 1217 1812 pollicis
1238 1732 1338 1793 unius
1366 1729 1610 1816 longitudinem
1638 1751 1706 1794 non
1736 1699 1928 1817 superante,
1953 1737 2045 1818 cujus
2063 1743 2261 1804 extremitati

537 1851 688 1916 inferiori
716 1868 919 1954 compressae
947 1860 1045 1929 atque
1071 1847 1176 1909 latiori
1211 1847 1330 1932 digitus
1357 1849 1477 1911 insidet
1510 1830 1630 1914 unicus
1664 1851 1769 1913 tribus
1801 1852 2012 1938 phalangibus
2046 1832 2261 1943 compositus,

537 1947 690 2036 necnon
712 1987 823 2054 ungue
844 1967 1032 2028 instructus.
1073 1965 1209 2028 Femora
1231 1979 1328 2048 atque
1349 1987 1443 2030 crure
1465 1969 1593 2050 optime
1614 1968 1825 2049 conformata,
1846 1984 1983 2054 uterque
2007 1993 2065 2058 pes
2076 1976 2261 2042 introrsum

538 2094 745 2179 incurvatus,
760 2084 874 2182 'digitis
889 2097 962 2181 apte
983 2079 1146 2184 dispositis
1168 2084 1402 2170 unguibusque
1423 2083 1575 2150 munitis.

1333 2297 1362 2378 i·
1406 2295 1458 2380 43.
1546 2309 1550 2316 '

619 2437 708 2500 llaec
727 2429 793 2496 iere
811 2442 909 2508 sunt,
936 2450 1018 2516 quae
1043 2449 1203 2497 moneam
1230 2433 1270 2498 de
1292 2433 1408 2497 habitu
1428 2431 1529 2514 hujus
1557 2426 1697 2498 monstri
1722 2445 1872 2510 extern03
1918 2434 1987 2516 jam
2016 2435 2056 2501 ad
2084 2460 2119 2504 ea
2146 2443 2260 2506 recedo

535 2574 617 2640 quse
633 2554 762 2616 interna
784 2521 990 2635 singularum
1008 2551 1151 2634 partium
1172 2553 1382 2635 perscrutatio
1404 2552 1564 2616 exhibuit.
1608 2551 1729 2635 Capitis
1756 2551 1845 2635 justo
1864 2523 2033 2619 brevioris
2046 2572 2141 2641 atque
2162 2581 2260 2624 mon·

535 2688 654 2740 orosae
674 2653 944 2738 conformationis
966 2669 1092 2755 ossium
1112 2670 1212 2731 cranii
1233 2668 1301 2750 jam
1323 2689 1418 2756 supra
1445 2671 1525 2735 iactr
1548 2684 1596 2732 est
1616 2669 1756 2732 mentio.
1799 2670 1878 2734 Ossa
1896 2674 2062 2738 nimirum
2085 2681 2260 2760 parietalia,

537 2792 656 2878 quibus
677 2787 864 2878 secundum
879 2769 1035 2850 naturam
1063 2789 1210 2852 maxima
1228 2791 1327 2852 cranii
1357 2808 1428 2873 pars
1450 2789 1677 2862 constituitur,
1706 2789 1742 2850 in
1764 2805 1875 2851 nostro
1898 2790 1967 2853 fetu
1989 2803 2057 2854 tam
2076 2797 2167 2874 parri
2185 2815 2260 2859 mo.

534 2910 641 2976 menti
663 2918 754 2985 sunt,
774 2919 812 2967 ut
832 2883 1058 2989 praetervideri
1078 2907 1221 2988 possint;
1241 2907 1394 2971 dextrum
1413 2925 1544 2990 prorsus
1562 2906 1630 2970 iere
1652 2905 1769 2983 deficit,
1791 2909 1910 2972 sinistri
1929 2929 2007 2972 vero
2035 2924 2101 2973 tota
2123 2915 2260 2997 superfi-

535 3031 599 3093 cies
625 3025 781 3110 pollicem
814 3023 1009 3106 quadratum
1041 3023 1196 3088 nondum
1225 3027 1340 3110 explet.
1403 3025 1563 3090 Granium
1589 3027 1690 3111 igitur
1715 3029 1851 3089 nonnisi
1880 3047 1920 3090 ex
1949 3029 2076 3093 ossibus
2104 3033 2260 3116 occipitis,

534 3147 650 3212 frontis
670 3157 702 3208 et
716 3156 908 3226 temporum
929 3141 1106 3205 conflatum
1121 3155 1179 3210 est.
1222 3147 1296 3207 Pars
1309 3129 1484 3228 occipitalis
1499 3145 1578 3206 ossis
1594 3145 1738 3228 accipitis
1753 3145 1945 3210 horizontali
1960 3150 2027 3213 situ
2043 3169 2154 3214 versus
2168 3152 2259 3214 fron·

535 3280 606 3330 tem
634 3261 857 3348 progreditur,
881 3273 914 3322 et
935 3260 1023 3342 apice
1050 3273 1146 3325 acuto
1173 3261 1383 3328 dextrorsum
1403 3263 1632 3346 aliquantisper
1653 3261 1787 3339 inflexo,
1816 3265 1961 3328 mediam
1980 3281 2105 3350 partem
2129 3282 2259 3332 suturae

536 3380 693 3447 coronalis
712 3378 819 3441 lateris
837 3367 942 3442 dextri
963 3377 1081 3462 tangit;
1122 3395 1226 3462 partes
1255 3383 1486 3467 condyloidsae
1509 3381 1548 3444 ad
1577 3381 1851 3464 perpendiculum
1872 3381 1939 3445 fere
1961 3385 2174 3462 descendunt,
2197 3407 2258 3468 qua

535 3499 576 3565 de
605 3520 642 3562 re
670 3493 819 3559 foramen
846 3513 1009 3580 magnum
1035 3513 1106 3560 non
1138 3498 1288 3577 inferne,
1318 3500 1375 3564 sed
1409 3513 1499 3585 parte
1523 3499 1700 3583 posteriore
1728 3499 1897 3583 positum,
1933 3503 2128 3566 membrana
2150 3503 2258 3566 tendi.

535 3637 616 3683 nosa
635 3617 675 3680 ab
700 3633 778 3679 arcu
800 3616 976 3696 posteriore
997 3615 1123 3678 atlantis
1148 3615 1285 3682 oriunda
1306 3619 1455 3682 clausum
1475 3616 1734 3706 reprehenditur.
1791 3621 1880 3682 later
1908 3633 2034 3703 partem
2056 3621 2259 3704 occipitaleut

533 3749 567 3801 et
601 3731 849 3816 condyloideam
877 3733 957 3798 ossis
979 3733 1143 3818 occipitia,
1167 3737 1254 3799 inter
1287 3756 1323 3800 os
1348 3740 1500 3824 parietale
1530 3750 1563 3801 et
1588 3739 1768 3820 temporale
1799 3737 1944 3817 cujusvis
1971 3739 2076 3802 lateris
2114 3742 2257 3819 spatium

533 3857 608 3920 satis
636 3871 800 3936 maguum
828 3851 1011 3936 cartilagine
1031 3852 1198 3938 expletum
1221 3853 1407 3920 offenditur.
1452 3855 1499 3921 Os
1517 3857 1645 3940 parietis
1675 3859 1849 3918 sinistrum
1880 3857 2023 3919 formam
2050 3855 2168 3935 trigoni
2191 3851 2258 3915 lere

535 3971 712 4058 rectrnguli
735 3969 903 4046 imitatur,
931 3971 999 4032 basi
1025 3982 1215 4056 temporum
1245 3975 1309 4036 ossi
1337 3975 1638 4058 superimponitur,
1658 3972 1757 4032 latere
1779 3963 2031 4052 longissiruo'ad
2054 3986 2090 4030 os
2112 3969 2255 4052 occipitia

534 4092 648 4178 vergit.
699 4083 921 4172 conjungitur
947 4100 1059 4150 autem
1088 4110 1167 4152 cum
1194 4111 1265 4153 osse
1289 4093 1432 4174 accipitis
1460 4101 1575 4150 sutura
1602 4085 1820 4159 larnbdoidea,
1860 4105 1940 4148 cum
1968 4103 2039 4148 osse
2065 4097 2256 4170 temporum

536 4223 649 4274 sutura
670 4225 856 4290 squamosa,
874 4224 953 4268 cum
977 4224 1047 4269 osse
1069 4205 1184 4270 frontis
1206 4222 1316 4270 sutura
1336 4207 1490 4270 coronali.
1533 4205 1651 4266 Sutura
1674 4201 1824 4288 sagittulis
1845 4203 1881 4265 in
1901 4203 1964 4266 hoc
1979 4207 2079 4287 capite
2095 4218 2256 4268 monstro·

534 4348 571 4393 so
592 4343 723 4412 prorsus
745 4321 959 4403 desideratur,
980 4345 1060 4387 cunt
1078 4346 1150 4408 pars
1173 4324 1346 4410 occipitalis
1369 4322 1448 4385 ossis
1467 4321 1610 4406 occipitia
1641 4322 1848 4404 parietalibus
1875 4323 1999 4386 ossibus
2028 4319 2193 4398 interjecta
2215 4325 2255 4386 ad

535 4446 720 4512 coronalem
741 4463 843 4528 usque
862 4457 1013 4506 suturam
1036 4441 1268 4530 progrediatur.
1312 4439 1401 4504 Oasis
1425 4442 1586 4523 parietalis.
1604 4443 1708 4505 dextri
1729 4459 1800 4526 pars
1822 4435 2035 4503 solummodo
2051 4437 2177 4526 exigua,
2197 4463 2255 4504 an.

535 4567 631 4654 gulus
645 4563 765 4628 scilicet
779 4563 935 4648 posterior
950 4576 1045 4644 atque
1065 4559 1201 4621 inferior
1215 4559 1426 4642 conspicitur,
1447 4564 1511 4625 ossi
1527 4565 1669 4647 occipitis
1685 4574 1716 4622 et
1730 4553 1899 4636 temporali
1909 4551 2097 4632 interjectus
2110 4571 2204 4640 atque
2219 4561 2254 4622 in

533 4699 624 4772 parte
641 4685 744 4748 antica
758 4681 918 4746 laminam
943 4698 1068 4742 osseam
1089 4679 1255 4756 emittens,
1283 4699 1363 4764 quae
1385 4693 1576 4761 temporum
1599 4677 1662 4738 ossi
1682 4671 1847 4734 incumbit
1868 4685 2058 4752 partemque
2081 4674 2255 4742 orbitalem

532 4805 613 4868 ossis
634 4803 751 4866 frontis
772 4799 912 4882 attingit.
956 4795 1085 4882 Quibus
1106 4797 1245 4872 ossibus,
1266 4795 1397 4856 frontali
1416 4795 1581 4854 nimirum
1604 4805 1636 4854 et
1653 4789 1796 4874 parietali
1825 4789 1937 4850 dextro
1964 4789 2066 4887 simul
2085 4811 2163 4855 cum
2183 4813 2253 4859 osse

531 4921 675 5005 occipitii
698 4904 806 4978 histus'
828 4917 863 4976 in
884 4913 993 4974 uranio
1014 4911 1081 4976 fere
1103 4911 1205 5008 opalis
1226 4911 1437 4986 terminatur,
1461 4929 1527 4991 quo
1549 4909 1671 4970 cerebri
1694 4907 1806 4968 hernia
1830 4926 1954 4992 egressa
1970 4923 2025 4972 est.
2070 4903 2119 4974 Os*
2138 4910 2255 4974 frontis'

529 5051 642 5105 sutura
672 5033 802 5100 frontali
829 5032 960 5112 oblique
989 5029 1217 5092 sinistrorsum
1246 5027 1460 5123 adscendente
1485 5027 1521 5090 in
1549 5025 1627 5088 duas
1655 5038 1759 5110 partes
1786 5026 1952 5093 dividitur.
2006 5031 2078 5093 Pars
2108 5028 2253 5094 irontrlis

527 5157 731 5240 complanata
749 5167 780 5216 et
802 5153 868 5215 situ
887 5149 1078 5210 horizontali
1098 5145 1199 5229 posita
1219 5159 1279 5221 est,
1299 5165 1339 5208 ert
1355 5146 1499 5208 maxima
1515 5159 1627 5208 atatem
1643 5159 1731 5228 parte
1753 5145 1790 5206 in
1813 5144 1913 5208 latere
1930 5145 2043 5208 dextro
2065 5145 2180 5208 delicit.
2208 5147 2253 5214 Os

528 5275 707 5358 temporale
728 5273 900 5334 sinistrum
922 5265 1028 5328 forma
1050 5266 1191 5328 omnino
1210 5265 1348 5324 naturali
1367 5265 1503 5350 gaudem
1524 5263 1677 5329 dextrum
1697 5283 1715 5326 a
1737 5276 1851 5328 natura
1871 5283 1989 5350 parum
2009 5264 2171 5330 abhorret.
