5064 6286
1947 733 1999 828 15

272 939 455 1006 ridebatur.
493 935 607 1004 Gordia
631 934 816 1018 amplitudo
836 933 919 998 circs
937 931 1063 1016 spicam
1084 927 1200 1010 eadem
1215 974 1228 1010 ,
1243 951 1281 994 sc
1304 932 1446 1014 in1basi;
1468 932 1569 1016 -iu
1594 953 1665 1001 area
1693 935 2022 1020 liquor-unctuosua‘

271 1061 456 1134 madebat,
476 1087 519 1106 ·-
560 1059 599 1124 ltt
618 1057 769 1124 adsuere
791 1073 835 1120 ue
856 1053 1036 1140 vangium
1053 1051 1315 1136 quidemsterui
1332 1067 1366 1129 et
1385 1053 1553 1138 pericardii
1576 1055 1694 1120 aderat.
1734 1056 1820 1120 Area
1842 1057 1916 1134 ists,
1941 1077 2000 1150 cu·

271 1178 324 1259 ius
342 1176 459 1244 media.
470 1187 563 1260 parte
584 1195 639 1238 cor
658 1175 886 1258 prominebat,
911 1191 1058 1258 quaeque
1087 1173 1252 1244 montem
1273 1185 1361 1248 arete
1382 1173 1605 1252 claudebat,a
1630 1175 1790 1240 musculis
1810 1175 1999 1257 intercerta-

268 1295 358 1360 titana
376 1295 517 1362 formata
539 1307 617 1370 ent,
638 1295 769 1360 interne
787 1294 915 1376 pleuto,
931 1305 1067 1356 erterm
1086 1289 1289 1374 epidetmide
1307 1293 1442 1356 vestitis.
1487 1293 1664 1360 salmonea
1682 1296 1720 1358 iu
1739 1307 1880 1378 utroque
1901 1296 2000 1362 latere

267 1416 371 1498 parri,
393 1415 542 1494 collapsis
563 1433 618 1478 oor
636 1425 670 1476 et
688 1428 763 1476 vasa
779 1409 903 1490 maiora
921 1411 1084 1496 sanguine
1104 1407 1231 1478 referta.
1262 1431 1265 1438 ·
1633 1483 1637 1492 ,

354 1533 699 1618 nutante-gestatione
721 1531 1030 1594 matercelaemststi
1046 1526 1419 1611 terrorepercussaiuit,
1437 1531 1539 1594 itaut
1560 1550 1617 1596 eor
1640 1551 1698 1614 per
1712 1546 1857 1613 quatuor
1878 1533 1998 1618 viginti

271 1649 368 1716 horas
387 1665 474 1714 tanta
492 1639 527 1712 vi'
548 1651 690 1733 pulsaret
717 1649 808 1730 quasi
835 1663 923 1712 extra
942 1648 1113 1714 thoracam
1134 1648 1363 1726 multumm,
1391 1661 1429 1724 ut
1451 1665 1558 1746 coacta
1573 1665 1675 1724 esset,
1702 1653 1875 1736 regionem
1899 1651 1998 1716 iatam

269 1789 379 1834 manu
399 1771 630 1853 comprimere,
651 1787 734 1852 quae
745 1765 1017 1830 molestissimam
1032 1785 1072 1830 er
1094 1767 1286 1830 vehementi
1304 1767 1513 1849 palpitatione
1534 1770 1755 1832 tentationem
1772 1769 1998 1849 aliquomodo

266 1887 404 1965 lavaron
424 1901 456 1952 et
477 1906 516 1952 eo
537 1889 609 1972 ipso
628 1886 719 1964 loco,
741 1903 846 1968 quem
867 1903 974 1948 mauu
994 1899 1239 1968 compresserat,
1261 1885 1455 1947 delonuatio
1476 1887 1513 1946 in
1528 1884 1655 1950 infante
1669 1899 1735 1950 erat
1758 1889 1939 1970 conspicua.
1956 1883 1999 1970 (l)

1067 2100 1100 2184 §.
1142 2117 1195 2170 aa.

262 2349 267 2362 ,
348 2271 525 2356 Ejusmodi
546 2275 649 2340 cordis
672 2275 834 2360 ectopiam
853 2275 891 2340 itt
910 2271 1015 2340 brutis
1048 2275 1149 2338 etism
1172 2247 1342 2353 accidisse,
1370 2274 1583 2340 Barnarnva
1604 2273 1741 2354 jamjam
1762 2271 1938 2338 adnotavit.
1963 2277 1996 2358 1>

261 2396 316 2470 1¹
338 2396 620 2461 observationibus
646 2408 760 2458 autem
778 2395 818 2461 ab
841 2413 880 2458 eo
902 2393 1016 2472 allatis,
1038 2405 1165 2478 praeter
1184 2393 1296 2468 istarn,
1315 2411 1417 2474 quam
1439 2393 1539 2456 Recte
1557 2395 1594 2454 in
1615 2393 1727 2456 catulis
1749 2394 1878 2460 duobus
1901 2395 1995 2458 insti·

260 2515 341 2592 ttait,
358 2511 449 2576 nulla
471 2511 537 2578 huc
557 2511 730 2600 referenda
752 2531 822 2600 esse
839 2513 925 2576 mihi
944 2508 1087 2576 videtur.
1129 2514 1245 2580 Locus
1257 2511 1423 2574 nimirum
1445 2529 1485 2574 ex
1506 2510 1595 2574 dctis
1611 2513 1856 2578 Havniensibus
1871 2513 1994 2600 adlega-

263 2645 328 2712 tos,
347 2631 455 2696 istum
473 2631 557 2694 sistit
572 2631 765 2694 humanum
780 2650 799 2692 a
816 2631 962 2697 Sucrone
979 2628 1189 2712 descriptum.
1213 2628 1293 2708 (vid.
1316 2627 1345 2710 d
1367 2633 1438 2712 5ο.)
1459 2628 1518 2692 Ille
1539 2649 1618 2693 vero
1639 2651 1742 2710 nsua,
1762 2650 1863 2716 quem
1885 2636 1995 2716 Eques

259 2763 305 2812 οε
323 2768 364 2810 ca
384 2747 640 2812 Cussacceaars
656 2765 745 2810 anno
771 2747 1036 2812 Moccxxxm
1056 2768 1136 2810 cum
1158 2748 1257 2832 Regia
1270 2747 1489 2811 scientiarum
1503 2748 1660 2812 Societate
1676 2752 1820 2814 Parisios
1837 2770 1994 2816 commu·

259 2867 394 2938 nicavit,
420 2865 453 2948 ²)
475 2865 512 2927 in
533 2865 625 2950 pullo
645 2866 839 2930 columbino
860 2867 1010 2942 occurrit,
1033 2868 1089 2946 qui
1111 2865 1228 2948 pennis
1247 2865 1284 2926 in
1305 2878 1434 2949 pectore
1454 2867 1592 2944 carebat,
1613 2879 1829 2951 sternumque
1851 2868 1994 2934 bifidum

261 2982 412 3066 habebut,
434 2983 478 3046 its
500 2995 539 3046 ut
561 2983 665 3049 cordis
682 2983 849 3070 palpitatio
865 3001 924 3068 per
943 2986 1048 3048 cutim
1067 2996 1207 3046 teneram
1230 2984 1352 3066 percipi
1374 2996 1493 3066 posset.
1536 2983 1628 3070 Quae
1649 2985 1749 3070 igitur
1769 2987 1929 3050 anomalia
1952 2987 1992 3050 ad

258 3068 364 3169 ittam
383 3101 507 3166 vitiam
529 3101 745 3186 congenitum
764 3101 931 3166 referenda
954 3115 1012 3178 est,
1034 3102 1075 3166 de
1096 3121 1162 3184 quo
1180 3101 1447 3167 Faraacrsusnttvs
1466 3100 1531 3166 cub
1545 3119 1625 3166 voce
1639 3120 1710 3166 non
1726 3103 1801 3167 setis
1818 3107 1993 3192 eptaticus

259 3219 372 3284 cordia
391 3219 506 3301 patuli
524 3219 686 3286 disseruit.

342 3337 444 3400 naen
462 3351 575 3402 umen
601 3337 633 3420 ³)
654 3337 832 3423 Mouspelii
848 3329 931 3406 duos
951 3339 1034 3404 vidit
1054 3339 1195 3420 catulos,
1220 3359 1333 3404 recens
1354 3352 1464 3416 natos,
1493 3359 1549 3406 tor
1574 3337 1709 3406 nudum
1734 3353 1822 3404 extra
1852 3343 1992 3426 pectoris

259 3455 430 3520 cavitatem
453 3470 613 3542 gerentes,
633 3477 780 3542 quorum
801 3457 881 3524 alter
900 3459 941 3524 ad
961 3459 1139 3525 duodecim
1162 3460 1269 3533 horas,
1287 3464 1367 3523 alter
1382 3479 1460 3524 vero
1483 3460 1570 3532 ultra
1591 3460 1683 3522 diem
1703 3461 1807 3524 vitam
1829 3462 1991 3544 perduxit.

258 3571 450 3652 Corculum,
472 3578 651 3658 pericardio
674 3577 893 3656 destitutum,
915 3579 1027 3644 medio
1050 3591 1181 3664 pectore
1209 3579 1406 3642 membrana
1429 3579 1546 3642 saltem
1566 3577 1689 3655 clauso,
1708 3596 1890 3664 egressum,
1907 3578 1993 3640 dum

257 3691 356 3752 catuli
384 3693 536 3754 viverent
564 3693 705 3757 alternos
724 3697 848 3759 sistoles
871 3710 967 3778 atque
989 3697 1138 3759 diastolas
1160 3709 1273 3758 motus
1295 3707 1344 3758 sat
1363 3697 1488 3760 validos
1509 3696 1632 3770 ciebat,
1652 3715 1715 3760 nec
1734 3699 1901 3778 respiratio
1923 3699 1988 3760 im.

257 3807 365 3892 pedite
392 3821 472 3872 erat.
514 3810 668 3872 Dissectie
687 3824 761 3894 post
780 3827 928 3876 mortem
951 3813 1167 3888 animalculis,
1188 3828 1342 3878 sternam
1362 3833 1420 3896 per
1433 3831 1573 3876 omnem
1592 3812 1659 3876 iere
1672 3813 1918 3898 longitudinem
1938 3814 1988 3877 fis·

255 3945 342 4003 sum,
361 3929 398 3990 in
415 3945 571 4008 suprema
595 3927 809 3990 solummodo
828 3942 930 4012 parte,
951 3931 1006 3992 cui
1028 3943 1112 3991 costa
1131 3931 1239 4012 prima
1259 3931 1392 4007 insidet,
1411 3931 1566 3993 melitum
1587 3947 1657 3992 sese
1679 3931 1870 4006 exhibebatp
1899 3933 1991 3996 catti·

255 4043 329 4128 ispo
346 4059 538 4110 mucronata
555 4043 689 4130 prorsus
710 4045 972 4124 desiderabaturt'
987 4046 1164 4132 pulmones
1183 4059 1216 4112 et
1237 4045 1423 4111 abdominis
1442 4048 1568 4112 viscera
1590 4048 1675 4116 esua
1695 4047 1849 4133 disposita
1868 4063 1970 4118 mut.

718 4314 853 4402 Species
877 4315 985 4382 alters.
1032 4314 1107 4380 Cum
1135 4315 1209 4378 ollis
1228 4315 1311 4380 uitiis
1329 4315 1524 4403 complicato.

1064 4490 1096 4570 i·
1139 4499 1191 4568 ⁹3»

337 4645 438 4714 Casus
459 4631 562 4712 modo
584 4653 837 4715 commemorati
859 4655 893 4716 in
916 4669 956 4716 eo
977 4671 1097 4717 omnes
1119 4657 1344 4735 consentiunt,
1363 4654 1451 4738 quod
1471 4667 1599 4738 prseter
1621 4653 1760 4718 thoracis
1785 4654 1934 4720 tamum
1956 4670 1989 4722 et

254 4767 359 4828 cordia
378 4767 480 4832 eitum
504 4771 702 4834 abnormem
722 4769 806 4832 nihil
828 4773 937 4837 vitiosi
959 4775 996 4838 ln
1018 4773 1140 4860 reliqua
1159 4775 1303 4858 torporis
1321 4773 1439 4840 fabrica
1455 4775 1668 4840 observatum
1685 4777 1738 4840 tit.
1777 4774 1863 4840 dunt
1876 4789 1987 4842 tamm

319 5027 567 5098 ¹)Anatomiselre
586 5029 868 5112 Wadrraeltmangert.
889 5039 966 5095 Seite
982 5047 1028 5112 45.

318 5119 350 5194 ²)
369 5119 516 5174 Mernoires
534 5119 566 5172 de
587 5119 693 5178 l'Acad.
720 5125 766 5180 des
784 5129 918 5204 Stienqet.
938 5135 971 5186 A.
993 5129 1170 5188 MDCCXL.
1187 5147 1215 5204 p.
1237 5139 1301 5207 ffi-

318 5211 348 5288 ³)
365 5211 479 5270 loanni
500 5211 546 5268 dt·
570 5213 686 5288 Sparsus
711 5236 785 5294 pour
805 5223 919 5282 l'dnae's
937 5225 1153 5286 Moetxxxt.
1173 5223 1280 5284 tran
1298 5223 1365 5282 cher
1383 5221 1450 5280 lesa
1468 5221 1586 5288 Cotton.
1603 5221 1680 5276 xw.
1698 5237 1760 5296 μς.
1782 5221 1844 5281 ι66.
1899 5303 1905 5312 Ι
