5064 6286
1075 904 1107 990 o
1149 915 1201 1018 ro,

359 1085 516 1153 Srrronra
535 1083 639 1148 adhuc
661 1079 923 1146 observationem
949 1087 982 1143 et
1009 1075 1187 1140 nonnullae
1216 1075 1289 1140 aliea
1309 1073 1480 1160 adjiciam,
1504 1095 1645 1162 querum
1672 1077 1806 1144 historia
1823 1099 1894 1147 non
1915 1087 1991 1152 satis

275 1220 420 1271 accurate
443 1171 584 1270 enarrata
605 1193 662 1279 det,
683 1216 720 1265 ut
742 1201 821 1264 inde
843 1199 1019 1282 dijudicare
1038 1213 1177 1280 possem,
1196 1210 1313 1258 utrum
1334 1197 1373 1260 ed
1391 1197 1476 1260 hanc
1497 1193 1639 1282 'ectopiae
1660 1201 1829 1284 pectoralis
1849 1207 1993 1288 speciem
2059 1167 2067 1178 ε

275 1344 317 1393 sn
339 1327 378 1388 ad
399 1325 560 1408 ectopiam
581 1322 767 1386 ventralem
786 1321 927 1384 omnino
950 1313 1136 1379 referendae
1153 1315 1230 1378 sint.

358 1445 396 1506 ln
425 1443 494 1505 lem
519 1443 722 1505 Srruonrsno
755 1435 919 1514 ¹)‘dextrs
940 1435 1037 1519 palati
1057 1451 1127 1494 ossa
1147 1451 1227 1496 curn
1248 1431 1359 1497 dextra
1387 1445 1476 1515 parte
1496 1434 1574 1498 labii
1598 1421 1775 1521 superioris
1803 1439 1875 1505 lissa
1893 1455 1994 1519 erant,

274 1561 317 1624 ita
339 1574 379 1624 nt
398 1563 532 1625 narium
554 1558 671 1622 cavitas
696 1557 806 1618 dextra
829 1555 954 1617 caritati
975 1553 1041 1615 oris
1066 1551 1221 1614 continua
1244 1565 1337 1616 esset.
1377 1553 1666 1618 sinistrae-manua
1680 1556 1773 1642 digiti
1788 1563 1995 1645 praeterpol.

273 1681 374 1744 licem
393 1697 510 1744 omnen
532 1679 594 1742 eibi
622 1689 743 1738 mutuo
764 1673 881 1738 adnexi
900 1683 1003 1748 erant,
1029 1665 1171 1746 medius,
1200 1673 1256 1752 qui
1285 1673 1361 1734 alias
1382 1671 1593 1756 longissimus
1620 1687 1688 1749 est,
1706 1675 1760 1738 laic
1781 1676 1994 1742 brevissimus

274 1812 411 1863 erat-
431 1798 588 1860 Stemum
608 1793 893 1876 cartilaginosum,
914 1793 950 1851 in
971 1791 1050 1850 duas
1069 1801 1192 1870 partes,
1213 1808 1353 1874 superne
1375 1790 1588 1854 solummodo
1616 1792 1822 1857 cohaerenter
1850 1794 1996 1862 divisum

275 1931 360 1994 eret,
381 1935 524 1999 quarum
546 1912 707 1997 quaelibet
724 1913 760 1972 in
783 1927 845 1971 suo
859 1910 959 1972 latere
980 1921 1142 1971 coctarum
1155 1909 1327 1969 interstitia
1342 1907 1518 1971 claudebat.
1562 1911 1638 1988 Cor,
1655 1913 1762 1994 hepar,
1782 1917 1995 1994 ventriculus,

274 2034 361 2111 lien,
383 2034 537 2103 intestina
558 2023 625 2102 lere
647 2031 760 2104 omnia
783 2042 815 2090 et
834 2047 894 2090 ren
914 2025 1026 2094 dexter
1043 2025 1137 2088 nullo
1159 2025 1306 2108 tegmine
1329 2025 1475 2104 obtectu,
1497 2027 1636 2090 thoracis
1655 2042 1688 2089 et
1708 2029 1893 2094 abdominis
1909 2035 1995 2098 cavi.

273 2165 353 2216 tatee
376 2163 497 2234 apertas
524 2151 727 2236 reliquerant·
771 2145 838 2210 Soli
860 2144 1037 2230 pulmones
1062 2145 1148 2208 intra
1169 2141 1337 2210 thoracem
1365 2142 1605 2226 delitiscebant3
1636 2146 1673 2206 in
1700 2147 1835 2210 renibus
1863 2151 1997 2216 incisio·

273 2289 334 2334 nes
361 2272 465 2368 pariae
482 2267 784 2364 conspiciebantur3
813 2283 906 2328 renes
927 2263 1155 2326 succenturiati
1179 2260 1292 2362 magni
1314 2271 1347 2323 et
1368 2259 1435 2324 lere
1454 2261 1674 2348 triangulares.
1715 2263 1846 2330 Clitorio
1863 2283 1995 2354 proten·

276 2401 365 2454 toste
386 2385 501 2460 molie3
520 2397 639 2467 ntemr⁸
651 2397 685 2446 et
704 2384 811 2445 ovaria
830 2385 867 2448 in
888 2381 1065 2445 abdomine
1086 2379 1262 2450 recondite.

360 2474 565 2566 Pulmonalis
587 2479 700 2566 arteria
719 2501 829 2562 multo
849 2501 977 2580 arctior
1000 2519 1101 2584 quam
1123 2511 1261 2576 aorta,e
1283 2497 1395 2566 dextro
1413 2499 1597 2564 ventriculo
1624 2502 1853 2587 emittebatnr3
1878 2505 1995 2574 ductus

272 2592 389 2718 dotalii
404 2621 530 2698 deerat,
552 2633 639 2682 sorta
652 2637 733 2680 vero
746 2635 784 2679 ex
799 2599 940 2706 utroque
954 2617 1138 2682 ventriculo
1153 2598 1315 2702 originem
1328 2619 1473 2684 ducebat.
1514 2621 1591 2684 Trie
1613 2619 1691 2682 hinc
1704 2620 1808 2686 dextri
1820 2604 1995 2690 ventriculi

273 2741 354 2806 ostis
375 2751 486 2820 erent3
507 2738 547 2799 ab
565 2738 649 2800 atrio
672 2755 794 2812 unum,
818 2735 884 2798 duo
904 2737 939 2798 in
960 2735 1108 2801 arterias:
1131 2735 1287 2823 idemque
1298 2749 1402 2799 sortae
1418 2735 1536 2801 canalis
1550 2737 1680 2820 utrique
1697 2741 1880 2806 ventriculo
1903 2707 1997 2806 com-

274 2859 412 2956 munis,
435 2855 601 2918 mediante
623 2865 714 2937 septo
736 2854 841 2914 cordis
862 2856 1051 2936 genuinum
1080 2835 1245 2922 orificium
1264 2854 1438 2948 l9rmahat.
1480 2857 1520 2922 tn
1541 2857 1629 2922 atriis
1650 2858 1735 2922 nihil
1757 2879 1775 2924 a
1795 2860 1888 2924 sollu
1908 2848 2010 2929 fents'

276 2975 540 3044 conformatione
559 2973 729 3038 diversum
752 2971 932 3042 occurebat,

1076 3223 1107 3314 i·
1145 3239 1199 3314 ⁵¹·

304 3442 309 3454 .
361 3399 414 3464 dic
436 3397 565 3464 Mrsrvt
590 3398 625 3483 ⁸)
643 3419 774 3486 quoque
792 3397 958 3464 infantem
976 3399 1061 3462 sidit
1080 3411 1321 3476 monteronem,
1341 3393 1636 3462 columna.doeerli
1650 3407 1819 3482 tantopere
1830 3397 1998 3464 incsuvata

280 3532 319 3584 sat
335 3517 450 3604 pulici,
464 3533 581 3604 ¹genna
601 3533 697 3602 atque
717 3519 816 3604 pedes
836 3533 1016 3582 retrorsum
1039 3519 1248 3601 rerpearerint.
1289 3515 1469 3593 Granium,
1498 3529 1650 3580 eternum
1669 3529 1702 3579 et
1722 3533 1838 3594 coetae,
1856 3515 2002 3580 musculi

276 3637 499 3703 ebdominales
520 3655 598 3700 curn
618 3639 786 3718 peritoneo
808 3657 940 3720 proreus
969 3636 1251 3708 desiderabantur,
1282 3635 1424 3720 corporis
1448 3637 1549 3720 igitur
1573 3635 1722 3700 cavitates
1751 3649 1878 3718 apertae
1899 3645 2003 3702 erant·

276 3755 468 3818 Pulmonee-
481 3756 572 3837 parvi
599 3769 696 3835 atque
727 3757 876 3818 exsiccati
905 3756 1110 3818 videbamur.
1160 3755 1224 3818 Cor
1257 3767 1418 3817 structura
1443 3754 1599 3838 singulari
1616 3755 1796 3838 gaudebam
1819 3765 2011 3834 utrumque.

275 3872 397 3936 scillcet
416 3872 538 3934 atrium
560 3871 597 3932 in
616 3891 720 3935 unam
742 3873 926 3936 confluebat
945 3889 1165 3936 communem
1189 3873 1372 3947 cavitatem,
1402 3891 1485 3952 quae
1508 3888 1611 3933 versas
1629 3889 1747 3932 omnes
1770 3871 1943 3952 recipiebat
1968 3881 2002 3932 et

276 3989 439 4054 foramine
462 3989 582 4070 maiori
603 3991 640 4052 in
660 3989 884 4054 ventriculum
904 3991 1060 4053 dextrum
1083 3987 1204 4065 hiabat,
1228 3991 1406 4052 eallinimo
1428 3989 1504 4050 se‘ro
1528 3989 1753 4051 cumeinistro
1774 3989 2006 4058 communica

276 4110 344 4185 bat,
365 4111 422 4188 qui
442 4127 513 4170 non
535 4103 650 4171 solum
667 4121 795 4172 aortam
816 4127 933 4171 veram
954 4109 1055 4172 αἰιιιι
1074 4107 1304 4191 pulmonalem
1321 4105 1590 4184 venametlehat.
1631 4107 1815 4172 Foraminis
1834 4107 1937 4172 uvalis
1955 4121 2004 4174 tte

279 4227 461 4312 vestigium
480 4223 619 4304 quidem
640 4225 759 4290 aderet.
1211 4227 1215 4236 '

360 4344 400 4405 ln
421 4341 541 4404 iisdem
561 4339 650 4406 Actis
674 4343 826 4407 Parisinir
848 4338 883 4426 ¹)
903 4343 984 4406 alius
1007 4343 1092 4410 letus
1111 4343 1283 4430 descriptio
1304 4345 1434 4430 legiter,
1456 4365 1556 4430 quam
1586 4347 1821 4410 Cumauaenvs
1842 4343 2002 4410 exhibuit.
2088 4327 2092 4338 ’

276 4459 385 4526 Facies
399 4461 540 4544 corporis
559 4461 702 4525 anterior
721 4480 740 4522 a
762 4463 928 4542 euperiore
951 4467 1051 4526 eterni
1071 4481 1161 4548 parte
1183 4485 1287 4549 usque
1310 4465 1347 4529 sd
1369 4485 1438 4530 orsa
1460 4467 1567 4551 pubie
1581 4467 1774 4540 dehiscebat,
1795 4467 1841 4528 ita
1868 4478 1907 4527 ut
1934 4482 1999 4542 cor,

277 4579 453 4662 pericardio
488 4581 653 4657 cinctum,
689 4597 768 4640 cnm
797 4577 1013 4666 pulmonibus
1031 4586 1132 4671 fresia
1156 4588 1285 4670 magula
1315 4601 1469 4670 suspensa
1497 4601 1587 4649 extra
1617 4597 1728 4666 peetus
1749 4583 1998 4668 propenderent.

276 4697 496 4774 Ventriculus,
514 4697 594 4778 lien,
617 4698 716 4780 hepar
734 4710 832 4782 atqpe
851 4717 944 4764 rems
962 4699 1160 4779 membrana
1189 4703 1316 4788 adipesa
1344 4705 1544 4786 (gratsmu
1565 4716 1603 4774 tt.
1620 4703 1852 4788 alandrlqssse)
1876 4703 1998 4768 obtecti
2097 4744 2101 4752 =

347 4957 520 5032 tyrreno
537 4963 713 5018 Βιιτιιοιιιιι
730 4965 800 5022 Acts
820 4967 924 5023 medica
945 4977 972 5022 et
991 4965 1185 5042 philosophica
1203 4967 1376 5028 Havuiensia.
1396 4967 1463 5031 vot
1481 4967 1503 5026 l.
1522 4969 1592 5028 Obt.
1611 4967 1672 5026 CX.
1690 4983 1752 5042 pag·
1771 4979 1833 5028 ποθι

345 5077 377 5154 2)
396 5077 481 5134 ntem.
500 5077 533 5132 de
553 5079 657 5136 l'Acad.
676 5085 708 5142 A.
729 5083 848 5141 MDCC.
869 5087 939 5142 unt.
961 5103 989 5160 p.
1006 5093 1051 5160 42.

346 5195 378 5272 s)
396 5195 480 5254 nam.
502 5195 534 5252 ee
553 5197 657 5254 rnna.
677 5200 711 5259 ιι.
728 5203 942 5261 nnecxtvr.
965 5205 1036 5263 usu
1059 5219 1088 5280 p.
1105 5207 1150 5280 45.
1172 5213 1180 5222 ·
