5064 6286
1949 759 2007 854 25

276 981 331 1029 res
348 979 484 1046 quoqne
505 959 694 1024 normalem
716 957 874 1022 exhibent
895 953 1033 1044 liguram
1054 965 1088 1019 et
1105 966 1263 1022 consueto
1284 955 1394 1042 capitia
1413 953 1487 1023 loco
1506 955 1631 1044 potitae
1651 970 1747 1042 namt
1763 971 1892 1028 meatus
1913 959 2005 1029 audl-

275 1086 379 1150 toriua
401 1095 555 1150 exteratur
575 1082 772 1162 inutraque
794 1079 921 1164 optima
942 1073 1182 1150 conformatur.

1058 1325 1096 1412 h·
1142 1339 1208 1414 4¹¹

360 1503 399 1570 ln
421 1503 529 1570 media
552 1505 625 1571 eolli
647 1499 815 1568 anterioris
835 1512 936 1584 parte,
960 1497 1049 1584 quod
1071 1519 1088 1562 a
1118 1513 1234 1564 mento
1261 1495 1301 1564 ad
1330 1497 1500 1566 claviculas
1528 1517 1632 1587 usquo
1657 1495 1714 1568 vix
1731 1521 1768 1568 ac
1788 1519 1833 1568 ne
1849 1499 1907 1567 viat
1927 1499 2001 1588 qui·

273 1617 353 1687 dem
375 1625 529 1708 pollicem
549 1645 659 1688 unum
679 1619 885 1706 longitudine
907 1619 1025 1704 explet,
1049 1640 1066 1682 a
1090 1620 1220 1682 sinistro
1239 1619 1337 1684 latere
1354 1619 1461 1683 hiatus
1484 1623 1600 1704 incipit
1611 1635 1886 1707 tegumentorum
1907 1642 2000 1688 com·

274 1743 438 1805 munium
461 1757 493 1806 et
515 1743 599 1806 infra
619 1741 821 1804 umbilicum
843 1737 1061 1814 terminatur,
1082 1739 1138 1801 ovi
1159 1738 1300 1802 anserini
1323 1739 1590 1824 magnitudinem
1612 1741 1773 1816 referent,
1795 1741 1999 1827 marginibus

275 1859 484 1935 rubentibus,
505 1861 588 1939 (Tab
617 1859 667 1924 tv.
692 1833 709 1919 a
730 1877 747 1918 a
766 1856 799 1934 a)
820 1829 1015 1918 membrana
1035 1857 1110 1919 aetia
1129 1855 1239 1930 solida,
1261 1857 1421 1918 subrubra
1442 1870 1538 1937 atque
1561 1858 1739 1922 visceribus
1760 1857 1871 1923 effusis
1885 1857 1998 1924 adbee-

272 1991 369 2039 rente
396 1977 553 2044 occlusus.
594 1978 725 2040 Praeter
744 1994 800 2037 cor
830 1973 881 2056 (h)
909 1962 1037 2037 sacculo
1058 1973 1213 2056 peculiari
1242 1973 1404 2044 velatum,
1431 1976 1670 2038 emembrana
1697 1975 1822 2038 laudata
1847 1977 1998 2058 oriundo,

274 2095 393 2178 pulmo
409 2113 537 2179 quoque
559 2093 706 2170 sinister,
728 2091 777 2172 (c)
799 2089 1020 2168 ventriculus,
1044 2087 1121 2170 (tl)
1143 2063 1222 2169 lien,
1244 2091 1312 2174 (ὦ)
1331 2091 1430 2174 hepar
1448 2093 1486 2172 (d
1505 2091 1542 2172 d)
1563 2105 1658 2174 atque
1680 2069 1790 2157 omnia
1806 2103 1926 2157 tractua
1946 2096 2000 2160 in.

273 2213 471 2276 teatinorum
486 2227 573 2278 extra
587 2212 722 2274 thoracis
736 2225 769 2274 et
784 2207 969 2273 abdominis
982 2211 1153 2272 cavitatem
1165 2211 1381 2294 propendent,
1396 2221 1529 2293 excepto
1544 2211 1700 2274 intestino
1715 2225 1814 2275 recto.
1854 2211 2000 2280 Omenta

274 2329 310 2414 (g
322 2332 357 2414 g)
372 2331 467 2393 omni
479 2331 678 2416 pinguedine
692 2329 855 2401 destituta,
876 2329 939 2392 tub
953 2328 1137 2392 ventriculo
1153 2327 1379 2412 dependentia,
1391 2328 1545 2394 intestina
1564 2332 1634 2391 eine
1647 2327 1762 2392 ordine
1780 2327 1921 2412 dispersa
1942 2333 1998 2398 ob·

273 2458 399 2532 tegunt.
421 2450 626 2516 Duodenum
649 2448 703 2528 (h)
725 2460 758 2510 et
779 2445 934 2526 jejunum
956 2447 983 2518 (i
1000 2448 1014 2508 i
1033 2447 1061 2526 i)
1083 2459 1240 2510 consueto
1258 2446 1330 2510 loco
1352 2446 1457 2532 posita
1479 2462 1586 2530 erant;
1606 2447 1711 2512 ileum
1732 2467 1749 2508 a
1769 2446 1882 2512 dextro
1901 2449 2000 2516 latere
2057 2432 2061 2441 ¹

271 2563 315 2629 ad
338 2568 512 2630 sinistrum
537 2565 755 2632 transmeabat
776 2573 870 2644 atque
892 2582 927 2626 ea
946 2573 1053 2647 parte,
1088 2583 1253 2660 quacum
1277 2565 1433 2627 intestino
1456 2583 1551 2628 coeco
1580 2567 1649 2645 (m)
1681 2563 1907 2652 conjungitur,
1935 2571 1999 2636 tela

271 2681 424 2748 celluloea
450 2686 693 2770 prominentiae
717 2697 825 2744 osseae
852 2679 901 2772 (l)¹
918 2681 957 2742 in
985 2681 1118 2774 regione
1140 2681 1282 2744 lumbali
1314 2683 1442 2746 siniatra
1472 2683 1671 2747 adhaerebat.
1722 2689 1792 2762 Qua
1819 2685 1859 2751 de
1887 2707 1997 2755 causet

272 2800 370 2866 colon
392 2807 427 2882 (n
446 2822 471 2865 n
491 2823 516 2864 n
538 2803 555 2884 )
577 2803 612 2862 in
632 2801 695 2862 hoc
719 2799 789 2863 fetu
809 2818 881 2862 ¹non
903 2817 920 2860 a
943 2797 1056 2860 dextro
1075 2799 1173 2862 latere
1194 2801 1235 2862 acl
1256 2799 1433 2863 sinistrum
1456 2795 1759 2888 transgrediebatur,
1778 2801 1833 2864 aed
1853 2809 1999 2888 opposita

271 2939 404 3004 proraua
422 2919 598 2983 directione
616 2917 787 3004 regionem
806 2917 935 2978 iliacam
957 2897 1106 2979 dextram
1134 2917 1281 3000 petebat,
1308 2919 1386 2980 hinc
1413 2939 1492 2982 vero
1522 2913 1745 2982 einiatro'rsum
1773 2921 1934 2988 inflexum
1958 2927 1999 2992 ad

272 3037 359 3100 dorai
380 3059 483 3122 usque
510 3038 705 3100 columnam
726 3031 955 3118 progrediens,
978 3035 1015 3095 in
1035 3034 1157 3116 pelvim
1182 3035 1395 3098 descendebat
1422 3057 1502 3098 cum
1529 3035 1687 3101 intestino
1708 3054 1796 3102 recto
1817 3015 1998 3112 culturum,

271 3155 423 3220 Remotio
446 3155 608 3218 Intestinia
632 3167 728 3236 atque
747 3154 861 3236 hepate
879 3151 1067 3235 paullulum
1089 3153 1225 3231 elevato,
1247 3173 1341 3218 renea
1356 3155 1637 3238 conspiciebantur
1653 3159 1996 3230 involucrocetluloae
2076 3223 2078 3230 ,

273 3273 517 3350 circumvelati,
553 3271 638 3335 infra
660 3291 776 3335 renem
798 3271 953 3334 dextrum
983 3271 1133 3336 orarium
1160 3273 1319 3356 unicum;
1358 3273 1498 3356 reliquae
1532 3287 1639 3358 parcet
1665 3275 1821 3360 genitales
1848 3279 1997 3347 internae

270 3405 305 3455 et
326 3395 430 3457 vesica
452 3391 592 3453 urinaria
613 3391 750 3474 collapsa
771 3391 805 3453 in
828 3389 1015 3458 abdominis
1036 3409 1126 3466 cavo,
1148 3387 1278 3454 inferne
1297 3391 1415 3454 saltem
1443 3391 1563 3467 clauso,
1588 3394 1666 3456 sitae
1688 3408 1789 3456 erant.
1827 3397 1925 3464 Labie
1938 3420 1995 3465 ex·

270 3523 363 3578 terna
385 3511 477 3575 valde
496 3523 649 3586 tument,
668 3509 838 3596 nymphae
866 3508 1078 3596 praegrandes
1094 3507 1253 3606 indecore
1281 3509 1493 3598 promineut3
1513 3509 1640 3592 hymen
1659 3511 1795 3595 plicatus
1820 3516 1996 3584 introitum

188 3650 192 3661 ·
270 3629 310 3697 ad
329 3633 483 3716 vaginam
504 3647 574 3689 non
593 3627 741 3710 impedit.

357 3745 536 3809 Funiculua
558 3743 755 3806 umbilicalie
777 3745 830 3824 (o)
864 3763 904 3809 ear
930 3747 1028 3810 unica
1054 3765 1138 3811 vena
1165 3759 1198 3810 et
1226 3745 1352 3810 duabus
1381 3747 1504 3814 arteriis
1530 3747 1705 3828 conflatus,
1725 3751 1762 3813 in
1789 3751 1942 3817 inferiore
1959 3773 1997 3818 ac

272 3863 383 3928 dextra
404 3863 510 3925 hiatus
529 3859 744 3924 abdominalia
763 3875 853 3944 parte
882 3866 990 3926 cutim
1024 3865 1152 3946 attingit
1178 3878 1210 3926 et
1231 3865 1380 3946 pluribus
1409 3865 1488 3926 locie
1516 3879 1684 3930 contortus
1712 3880 1808 3950 atquo
1833 3871 1997 3934 varicosus

272 3982 458 4048 secundum
478 3979 666 4068 marginem
694 3979 826 4042 fissurae
845 3979 884 4043 ad
905 3980 1053 4042 mediam
1070 4000 1173 4066 usque
1194 3995 1322 4064 partem
1343 3981 1432 4044 iliius
1451 3981 1615 4044 adscendit
1622 4003 1633 4056 ς
1657 3981 1699 4046 ab
1734 3985 1797 4050 hoc
1820 3985 1897 4051 inde
1922 3987 1996 4054 loco

270 4121 354 4162 vena
370 4099 565 4161 umbilicalia
583 4098 762 4162 incisuram
787 4097 992 4180 profundam
1018 4099 1054 4158 in
1084 4098 1240 4162 inferiore
1266 4099 1389 4182 hepatia
1409 4101 1557 4184 margine
1577 4100 1679 4188 petit,
1697 4105 1830 4170 arteriae
1848 4105 1884 4168 in
1902 4107 1996 4171 abdo·

270 4235 352 4282 men
374 4213 413 4274 ad
433 4214 691 4298 hypogeatricam
711 4215 922 4278 descendunt.
965 4215 1055 4280 Cum
1074 4215 1223 4278 funiculo
1246 4215 1428 4281 umbilicali
1448 4237 1520 4300 para
1544 4221 1758 4287 membranae
1785 4225 1997 4290 tenuissimae

272 4333 393 4416 (arunii
416 4327 572 4412 fortuni)
592 4333 749 4410 cohaeret,
771 4332 865 4413 errius
884 4335 1019 4420 vestigia
1042 4333 1078 4394 in
1097 4333 1178 4416 plica
1201 4347 1472 4419 tegumentorum
1494 4341 1733 4406 communium
1747 4341 1994 4425 deprehendun-

269 4465 335 4530 tur,
355 4471 438 4538 quae
459 4471 476 4512 a
498 4448 611 4513 dextro
632 4449 739 4512 hiatus
767 4453 915 4536 margine
942 4453 1120 4536 incipiens,
1143 4465 1315 4536 postquam
1337 4453 1557 4538 ligamentum
1575 4459 1824 4522 teretiuaculum
1842 4459 1993 4527 efforma-

270 4572 321 4634 vit
349 4571 431 4632 circa
459 4567 595 4632 dorsum
618 4566 657 4632 ad
685 4567 857 4629 sinistrum
879 4571 1064 4652 marginem
1086 4569 1229 4633 decurrit
1251 4587 1346 4656 atque
1366 4574 1401 4636 in
1421 4575 1604 4636 eminentia
1631 4594 1720 4640 oeeea
1744 4597 1839 4666 supra
1863 4600 1994 4644 metuo·

270 4703 336 4754 rata
361 4689 485 4754 finitur.
533 4687 607 4750 Tali
627 4685 727 4749 morlo
747 4685 832 4748 letus
851 4704 961 4750 noster
991 4685 1026 4748 in
1051 4689 1255 4770 superiorem
1284 4693 1374 4774 quasi
1402 4709 1435 4756 et
1460 4691 1652 4755 inferiorem
1670 4708 1797 4778 partem
1818 4695 1991 4774 dividitur3

268 4822 387 4872 utrum
412 4825 489 4868 vero
518 4805 600 4890 plica
629 4803 755 4868 laudata
781 4805 883 4868 nexui
910 4804 1067 4890 singulari
1094 4824 1173 4870 cum
1202 4809 1292 4870 ovuli
1310 4811 1505 4873 velamentis
1527 4813 1731 4878 occasionem
1758 4813 1900 4902 dederit,
1919 4835 1989 4882 arou

268 4939 447 5016 possumus
469 4921 662 5010 dijudicare,
683 4943 763 4992 oum
782 4925 864 4989 eirca
882 4937 997 5012 partus
1018 4923 1190 4990 hiatoriam
1209 4927 1294 4994 nihil
1312 4945 1522 5016 compertum
1543 4931 1732 5001 habeamus·
