5064 6286
1883 771 2006 878 .i7

280 937 406 1016 nalem,
428 940 464 1002 in
482 939 647 1004 abdomen
670 933 934 1013 descendentem,
953 951 1054 1019 quam
1075 944 1201 1002 aortam
1224 951 1293 998 esse
1319 937 1512 1002 Grutssnavs
1533 939 1708 1024 judicavit,
1729 947 1786 1014 sed
1806 955 1942 1026 nullum
1964 981 2005 1028 ex

282 1077 359 1125 arcu
375 1078 508 1124 ramum
529 1059 636 1124 emitti
663 1057 756 1120 vidit.
796 1056 976 1122 Pulmones
999 1053 1084 1120 bene
1109 1053 1304 1116 conformati
1332 1057 1456 1118 trachea
1478 1061 1638 1128 carebant.
1681 1067 1939 1162 DIaphragmatis
1961 1102 2005 1146 ne

282 1179 447 1264 vestigium
471 1175 607 1258 quidem
623 1177 738 1245 aderas,
758 1176 912 1262 intestina
931 1169 1105 1233 convoluta
1127 1172 1241 1234 imum
1261 1175 1460 1256 occupabant
1479 1191 1632 1244 ventrem
1655 1197 1687 1246 et
1704 1206 1762 1271 pet
1783 1189 1884 1258 telam
1906 1198 2004 1261 cellu.

279 1293 383 1356 lateus
411 1296 519 1358 laram
553 1314 631 1358 eum
658 1292 877 1380 pulmonibus
901 1291 1125 1356 ,cohaerebann
1167 1291 1275 1372 Hepar
1302 1305 1334 1355 et
1353 1292 1420 1354 lien
1438 1315 1569 1381 prorsus
1600 1299 1883 1388 desiderabantur3
1920 1334 2003 1382 vena

279 1413 476 1476 utnbilicalie
497 1416 534 1476 in
557 1431 678 1478 venam
700 1429 815 1474 cavam
836 1409 1047 1475 inserebatur.
1089 1408 1244 1472 Pancreae
1267 1409 1374 1473 aderat
1394 1425 1428 1475 et
1453 1415 1608 1479 intestina
1632 1433 1681 1482 sat
1709 1443 1829 1510 magna
1855 1437 2004 1499 meconii

279 1534 457 1612 quantitate
479 1533 598 1616 repleta
617 1541 720 1604 erant,
739 1527 795 1590 sed
813 1546 920 1612 neque
941 1525 1156 1610 oesophsgus,
1177 1512 1286 1608 neque
1309 1532 1513 1595 ventriculus
1536 1537 1680 1599 inveniri
1697 1555 1857 1623 poterant.
1899 1551 2002 1616 lieni.

278 1647 341 1712 bus
364 1670 493 1735 quoque
515 1665 547 1714 et
566 1663 660 1712 utero
683 1659 873 1708 monstrum
895 1644 958 1706 hoo
978 1644 1115 1706 carebat.
1156 1645 1260 1729 Regio
1282 1649 1378 1728 Pubis
1408 1652 1614 1734 singulariter
1635 1661 1884 1748 protuberabat;
1902 1689 2002 1750 nym.

278 1769 360 1850 phae
381 1781 413 1829 et
435 1768 554 1830 clitoris
575 1767 740 1830 maximae
762 1763 911 1834 aderant3
934 1763 1060 1823 femora
1081 1779 1192 1834 crassa,
1213 1781 1305 1824 crura
1325 1765 1410 1826 bene
1432 1767 1650 1850 conformata,
1675 1777 1773 1857 pedes
1793 1779 1884 1860 juxta
1906 1785 2002 1853 latera

277 1889 471 1970 eontpteesi3
488 1888 525 1948 in
546 1885 657 1948 dextro
680 1895 744 1946 tres
764 1893 896 1944 tanturn
916 1879 1025 1964 digiti,
1046 1881 1082 1940 in
1097 1863 1232 1942 ¹sinistro
1252 1879 1318 1942 duo
1338 1884 1609 1949 numerabantur.
1650 1891 1746 1956 Anus
1776 1912 1904 1978 apertus
1925 1922 2003 1972 erat.

308 2061 311 2068 .
362 2009 399 2068 ln
422 1998 530 2068 sorore
551 2000 649 2082 hujus
669 2003 796 2086 puellae
816 2013 1020 2062 monstrosae
1047 1995 1132 2058 nihil
1152 1995 1260 2056 vitiosi
1287 1997 1456 2079 respersum
1484 2015 1533 2064 est
1559 2019 1684 2087 praeter
1714 2012 1925 2084 brachiorum
1950 2024 2006 2088 in·

275 2142 405 2190 versam
417 2121 689 2202 articulatiouem,
701 2118 801 2186 eremi
810 2115 1052 2204 depressionem
1066 2129 1097 2179 et
1109 2125 1336 2200 portentosam
1347 2119 1575 2206 nympharum
1586 2137 1682 2209 atque
1696 2125 1849 2226 clitoridis
1863 2139 2002 2211 molem.

1073 2450 1108 2532 ς.
1151 2449 1205 2518 26.

358 2669 585 2732 Tomrtmvs
604 2667 636 2746 ¹)
651 2681 779 2752 quoque
793 2661 902 2728 letum
923 2659 1016 2740 vidit,
1040 2661 1137 2727 corde
1155 2660 1247 2726 nudo
1262 2663 1299 2728 in
1317 2663 1603 2752 sinistro'peetoris
1613 2670 1711 2740 latere
1734 2673 1817 2742 foras
1835 2693 2000 2762 protruro.

273 2751 433 2852 St'ernum
456 2801 488 2850 et
508 2755 580 2869 pare
600 2783 748 2848 eternalis
770 2798 934 2849 coeterum
956 2783 1063 2844 lateris
1085 2784 1219 2856 sinistri,
1239 2783 1476 2846 mediastinum
1498 2801 1530 2852 et
1542 2792 1759 2872 potissmium
1775 2795 2000 2867 desideraban-

275 2905 340 2972 tirr.
381 2909 420 2970 ln
439 2905 616 2968 abdomine
639 2915 831 2987 tegumenta
854 2901 1046 2964 eommunis
1068 2899 1270 2977 deficiebant,
1288 2899 1397 2966 deerat
1417 2923 1548 2988 quoque
1567 2926 1642 2990 pars
1662 2916 1813 2993 superior
1830 2921 2001 2984 musculo.

274 3043 354 3089 rum
372 3001 647 3089 abdominaliu'm.
693 3019 836 3084 Labium
855 3021 1010 3106 ¹superius
1040 3019 1157 3086 lissum
1187 3030 1272 3098 erat,
1298 3021 1415 3086 oeolus
1445 3023 1577 3090 sinister
1605 3027 1643 3090 in
1670 3029 1821 3114 palpebra
1839 3035 1908 3120 ipsa
1927 3039 2000 3103 abs-

275 3139 436 3207 conditus.
963 3208 967 3216 ,
1089 3204 1102 3211 -
1692 3159 1696 3174 ’

1072 3471 1219 3577 Μῑ,

356 3691 394 3755 ῐη
417 3688 477 3754 alia
496 3689 603 3773 puella
625 3705 736 3754 reeens
756 3699 841 3764 nata,
864 3687 959 3770 cuiue
980 3689 1191 3753 mentionem
1211 3685 1393 3753 Mortuost
1414 3685 1448 3768 ²)
1467 3686 1562 3770 iecit,
1582 3699 1719 3776 ulraqne
1735 3691 1902 3776 clavicula,
1920 3709 1998 3764 ster·

273 3823 361 3870 num
383 3821 416 3870 et
439 3808 638 3892 cartilagines
661 3821 825 3870 costarum
845 3807 1126 3884 desiderabanturg
1148 3808 1227 3869 hine
1248 3825 1302 3869 eor
1321 3819 1353 3869 et
1374 3807 1581 3890 pulmonum
1603 3830 1675 3893 para
1697 3813 1732 3872 in
1748 3815 1915 3896 superiore
1933 3817 1998 3879 bia·

272 3937 326 3989 tue
349 3926 479 4011 regione
502 3940 590 3988 extra
611 3940 725 4012 peetus
746 3925 846 3988 libere
868 3925 1064 4008 pendebant.
1106 3923 1170 3986 Cor
1187 3925 1299 4006 ipsum
1321 3943 1340 3986 e
1360 3927 1527 4005 superiore
1548 3930 1687 4010 pectoris
1701 3943 1791 4011 parte
1806 3946 1903 4014 atque
1925 3934 1999 3998 dex·

273 4054 417 4106 trorsmn
440 4065 608 4130 egressum
631 4059 708 4124 erat,
729 4043 909 4130 pericarriso
932 4041 1121 4116 inclusum,
1148 4040 1217 4104 basi
1245 4041 1366 4123 petiolo
1386 4037 1534 4119 affixum,
1557 4045 1614 4125 qui
1635 4029 1886 4114 crassitudinem
1908 4031 2002 4138 digiti

273 4157 445 4230 referebat,
466 4174 561 4244 atque
581 4165 751 4239 auriculas,
773 4161 972 4224 uentriculos
994 4158 1059 4238 (lea
1079 4157 1297 4237 ventriculos)
1315 4170 1348 4219 et
1368 4175 1440 4220 vasa
1455 4159 1578 4238 majora
1598 4165 1794 4228 continebat.
1835 4167 1925 4232 Inita
1946 4187 2002 4234 eos

273 4275 379 4340 moles
400 4275 552 4356 quaedam
574 4277 740 4355 informis,
761 4280 830 4344 iere
851 4281 1014 4342 turbinata
1033 4277 1072 4339 ad
1088 4277 1246 4360 pollicem
1273 4295 1386 4338 unum
1413 4289 1508 4362 atque
1530 4279 1712 4342 dimidium
1734 4283 1921 4363 eminebat,
1943 4289 2002 4349 be.

272 4413 329 4478 par
347 4393 468 4456 seilicet
490 4415 507 4456 a
528 4395 775 4479 diaphragmaris
787 4412 877 4478 parte
896 4399 1076 4474 obtectum,
1097 4397 1289 4477 ultimisque
1309 4395 1404 4457 costis
1427 4397 1513 4458 veris
1526 4397 1676 4460 affixum·
1717 4399 1832 4462 Puella
1851 4413 2013 4470 ceterum

272 4511 359 4576 bene
379 4525 445 4575 erat
467 4511 681 4592 conformata,
701 4515 870 4595 vitamque
898 4515 936 4574 ad
964 4515 1084 4597 viginti
1109 4515 1203 4578 horse
1230 4533 1335 4598 usque
1359 4516 1526 4596 protraxit.
1568 4516 1705 4582 esterna
1731 4517 1835 4584 sordis
1856 4517 1999 4588 ditando

273 4643 369 4713 etque
389 4632 564 4696 contractio
584 4633 658 4696 setis
682 4633 955 4715 conspirassent,
976 4644 1154 4712 motusque
1173 4645 1263 4696 sactu
1284 4633 1452 4696 alacriores
1473 4631 1603 4700 fiebant.

288 4833 790 4864 m

342 4981 373 5052 ¹)
393 4979 506 5036 Journal
524 4983 556 5038 da
574 4985 716 5040 Me'decine
734 4987 812 5056 1784.
831 4979 932 5044 Derbe.
948 4995 1013 5054 pap.
1030 4991 1094 5056 579.
1110 4999 1146 5029 -
1162 4979 1236 5036 eum
1249 4977 1352 5038 librum
1363 4977 1472 5036 bonore
1484 4979 1609 5040 evolvere
1627 4982 1698 5042 milti
1713 4954 1773 5048 eeu
1783 4986 1937 5062 contiguis,
1954 4997 1999 5044 ea.

391 5091 451 5128 sum
467 5092 483 5129 a
497 5075 647 5134 Maeramo
665 5087 801 5134 mutuatus
825 5091 893 5129 suns.

342 5189 375 5263 Ιι’)
410 5191 558 5250 Me'nteires
576 5195 609 5248 tls
627 5195 730 5254 l'dead.
751 5195 797 5251 des
817 5191 950 5262 Seleucea,
987 5192 1081 5250 Anne'e
1099 5191 1272 5252 mucelli.
1289 5192 1362 5250 Hirr.
1380 5209 1439 5268 pag·
1456 5201 1505 5270 47·

1413 5307 1441 5376 C
