5064 6286
698 940 829 1034 Species
852 943 961 1010 altera.
996 943 1038 1006 E.
1058 939 1214 1020 arnualis,
1236 961 1320 1005 socco
1344 940 1479 1006 hernioso
1502 939 1612 1032 tiaratos

1099 1111 1134 1195 b·
1156 1123 1208 1192 55·

375 1285 493 1366 Unici,
517 1283 605 1370 quod
630 1285 697 1352 boc
718 1283 930 1350 referendum
950 1301 1019 1351 esse
1040 1299 1177 1360 censeo,
1203 1275 1348 1366 exempli
1368 1280 1539 1351 historiam
1561 1279 1779 1346 Sanotromts
1808 1277 1842 1360 ¹)
1870 1274 2011 1341 tradidit

290 1403 420 1476 Accidit
448 1408 485 1468 in
512 1407 582 1470 istu
606 1407 788 1470 immaturo
818 1423 914 1468 sexus
942 1404 1136 1492 sequiorisp
1158 1422 1176 1464 a
1203 1414 1329 1481 matre,
1372 1401 1520 1464 sumita
1542 1402 1757 1465 vehementer
1786 1416 1933 1484 percussa
1961 1413 2011 1458 es·

289 1538 350 1603 set,
370 1525 407 1590 iis
429 1525 541 1603 lucem
562 1526 694 1616 emisso.
732 1523 831 1606 Spina
853 1523 1041 1587 vertebtalis
1062 1521 1288 1585 sinistrorsum
1316 1521 1360 1582 its
1389 1531 1455 1584 erat
1482 1522 1667 1596 incutmta,
1708 1529 1748 1581 ut
1776 1531 1882 1580 costae
1905 1515 2012 1578 lateris

289 1641 412 1706 sinistri
442 1655 477 1704 os
499 1641 560 1708 ilei
590 1654 777 1726 tangerent,
805 1654 842 1704 ac
868 1653 933 1704 tota
951 1639 1051 1724 pelvis
1079 1657 1159 1704 cum
1179 1637 1436 1702 extremitatibus
1457 1613 1667 1702 inferioribus
1686 1627 1912 1701 sinistrorsuttt
1932 1642 2014 1696 esset

289 1757 419 1852 inflexa.
454 1759 585 1824 Tumor
605 1774 766 1842 praeterea
791 1759 943 1852 insolitus
970 1758 1179 1842 epigaastittm
1211 1759 1385 1840 occupabat
1414 1767 1445 1822 et
1473 1758 1512 1820 ab
1539 1755 1699 1820 amabilico
1725 1757 1764 1819 ad
1790 1754 2014 1836 cartilaginem

278 1891 521 1968 ,mucronatam
548 1883 652 1960 usque
678 1875 930 1948 ettentlebstur;
957 1877 1083 1938 cinctus
1111 1891 1181 1938 erat
1214 1877 1426 1952 membrana,
1461 1893 1543 1956 quae
1567 1875 1794 1938 umbilicaiem
1822 1873 2014 1936 ianiculum

288 2007 441 2078 exparte
464 1996 617 2058 inferiore
641 1997 781 2088 soractis
800 1993 1020 2075 prodeuntem
1043 1963 1238 2054 codrinebat.
1277 1995 1421 2054 Externa
1442 1991 1502 2056 bac
1522 1993 1717 2056 membrana
1739 2003 1862 2074 aperta,
1889 1989 1947 2052 alis
1976 1989 2014 2053 in

287 2129 501 2198 conspectum
521 2113 612 2176 venit
628 2109 729 2194 priori
750 2109 891 2187 adnexa,
914 2110 1089 2194 pellucido,
1109 2127 1229 2170 rerum
1248 2108 1369 2172 scilicet
1387 2111 1608 2192 peritoneum.
1649 2110 1725 2194 Quo
1742 2111 1856 2182 inciso,
1875 2125 1944 2170 non
1957 2125 2012 2170 sou

287 2231 365 2297 lum
385 2233 499 2295 catania
521 2229 706 2293 abdominis
727 2231 849 2292 viscera
871 2247 993 2292 verum
1014 2242 1046 2292 et
1067 2246 1122 2290 cor
1143 2227 1231 2290 locos
1252 2226 1414 2290 naturales
1432 2227 1660 2294 deseruissem
1674 2229 1710 2290 in
1725 2239 1898 2290 tumorem
1911 2225 2014 2288 modo

287 2347 490 2430 descriptum
511 2347 662 2433 propulsa
685 2346 789 2410 fuisse
807 2347 945 2429 patebat.
975 2353 1004 2412 Α
1024 2359 1115 2429 parte
1134 2345 1301 2428 superiore
1328 2345 1583 2428 conspiciebatur
1611 2365 1677 2422 cor,
1710 2345 2012 2428 pericardio'piane

288 2463 497 2543 destitutum,
519 2465 782 2550 complanatum,
801 2465 910 2546 hepati
930 2463 1143 2538 incumbensa
1164 2464 1307 2526 auricula
1329 2465 1457 2528 sinistra
1478 2467 1539 2528 sub
1560 2465 1720 2549 xipboide
1738 2464 1924 2548 cartilagine
1951 2481 2011 2546 po·

285 2585 354 2652 tuta.
395 2584 463 2648 Sub
487 2585 586 2648 corde
604 2585 710 2646 situm
730 2595 796 2646 etat
816 2583 916 2664 hepar
936 2577 1119 2646 admodum
1145 2601 1330 2666 magnum,
1356 2581 1540 2646 informem
1561 2583 1706 2646 referens
1740 2583 1880 2658 molem,
1915 2581 2011 2660 cujus

282 2701 370 2786 parti
389 2701 551 2784 superiori
578 2719 634 2764 cor
663 2699 793 2764 foveam
813 2701 1031 2784 impresserat.
1073 2699 1161 2762 inira
1182 2701 1282 2781 hepar
1303 2703 1473 2778 intestina,
1502 2703 1658 2766 meconio
1680 2701 1907 2786 'ttrtgidissima
1940 2719 2013 2764 sese

289 2819 529 2882 monstrabant.
567 2817 743 2882 Sublevato
761 2819 877 2900 hepate
898 2817 1045 2899 adparuit
1064 2817 1279 2897 ventriculus,
1305 2819 1400 2898 cujas
1432 2819 1522 2882 lateri
1543 2821 1677 2882 sinistro
1703 2837 1809 2882 nexus
1838 2831 1904 2880 erat
1931 2819 2009 2896 lien,

190 2959 203 2972 ·
286 2937 344 3018 cni
365 2935 507 3020 alanique
527 2937 760 3000 succumbebat
778 2953 946 3018 pancreas:
973 2935 1128 3002 intestina
1150 2937 1261 3002 tenuia
1280 2939 1395 3002 'crassis
1423 2939 1652 3024 cingebantnrt
1687 2958 1785 3021 parva
1813 2937 1875 3001 ooli
1902 2937 2012 3020 portio

280 3067 436 3116 ventrem
458 3055 598 3118 intrabat
617 3066 649 3116 et
669 3055 706 3116 in
730 3069 860 3118 rettmn
878 3053 1057 3116 desinebat.
1096 3053 1246 3118 liernotis
1269 3057 1447 3120 visceribus
1469 3059 1629 3120 omnibus
1652 3059 1778 3140 patuit,-
1802 3055 2024 3128 intarabdtr·¹

280 3171 423 3236 missales
444 3172 613 3234 musculos
636 3170 740 3235 fuisse
756 3191 895 3257 egressa,
916 3173 1043 3258 hosque
1060 3173 1284 3256 inaespsslem,
1313 3174 1423 3258 paullo
1453 3175 1645 3239 crassiorem
1674 3177 1860 3260 marginem
1889 3185 2007 3237 anmo-

281 3309 357 3352 rem
377 3291 585 3352 circumcirca
606 3291 797 3375 cingentem
818 3289 1014 3358 eiiornsasse.
1050 3292 1091 3353 lar
1111 3293 1287 3356 abdomine
1305 3311 1400 3356 renea
1423 3307 1525 3373 eram,
1552 3297 1657 3356 vesica
1687 3295 1844 3356 minaria*
1859 3305 1891 3355 et
1915 3293 2007 3376 geni·

279 3405 356 3470 talia
372 3407 513 3472 interna.
557 3413 680 3492 Aperta
701 3407 835 3471 thorace
851 3409 1029 3492 adparoere
1047 3411 1203 3492 thymus,
1237 3411 1414 3495 pulmones
1434 3431 1472 3474 ac
1491 3431 1565 3475 vasa
1587 3413 1714 3486 cordis;
1757 3413 1877 3474 cavitas
1899 3399 2010 3474 tlaosa'·

281 3525 327 3589 cis
348 3527 477 3590 sinistra
498 3541 629 3610 propter
651 3529 896 3592 contessionem
924 3528 996 3591 iere
1021 3529 1112 3592 nulla
1141 3531 1259 3596 aderat.
1321 3531 1422 3594 hotta
1450 3547 1490 3592 ex
1514 3531 1609 3594 corde
1638 3527 1807 3594 eboracens
1843 3531 2008 3616 ingredie-

277 3644 375 3706 batur
394 3657 425 3706 et
446 3658 531 3706 recta
552 3665 687 3708 sursum
718 3647 856 3711 tendens
884 3648 967 3711 duos
988 3649 1159 3712 emittebat
1179 3669 1298 3726 ramos,
1326 3649 1504 3712 carotidem
1534 3649 1655 3714 scilicet
1674 3649 1825 3712 dextram
1845 3662 1944 3730 atque
1961 3648 2009 3710 si·

277 3763 435 3840 mattam,
462 3763 499 3824 in
520 3782 633 3825 arcum
655 3765 736 3828 flexa
759 3765 960 3828 subclaviam
982 3781 1114 3848 quoque
1132 3769 1317 3839 sinistrama
1342 3766 1452 3832 dextra
1473 3783 1586 3834 atatem
1607 3764 1705 3846 huius
1725 3768 1876 3830 nomime
1890 3765 2009 3830 arteria

276 3899 347 3944 nors
376 3899 395 3944 e
422 3884 598 3944 communi
626 3902 711 3946 cum
729 3882 867 3946 carotide
890 3895 1008 3946 trunco
1027 3885 1267 3968 egrediebatur,
1295 3905 1417 3948 verum
1434 3887 1472 3948 in
1490 3888 1559 3968 ipsa
1576 3901 1683 3964 sorta,
1706 3885 1827 3950 eodem
1846 3883 1912 3951 ieta
1932 3887 2009 3950 loco

276 4018 343 4082 quo
360 3998 459 4064 altera
482 4001 645 4064 otiabatur
665 4001 841 4078 subdaris,
862 4003 1027 4086 originem
1050 4001 1206 4076 ducebat,
1229 4023 1265 4065 ac
1285 4021 1372 4086 pone
1390 4006 1632 4088 oesophagum,
1660 4007 1716 4088 qui
1737 4025 1754 4066 a
1773 4005 1870 4068 latete
1892 4005 2008 4068 dextro

276 4119 367 4180 inter
390 4119 567 4180 carotidem
595 4120 742 4184 dextram
776 4133 809 4180 et
829 4119 931 4184 modo
959 4121 1079 4184 dictam
1108 4121 1307 4186 subtlsvions
1334 4141 1392 4205 per
1419 4121 1586 4186 thoracem
1614 4123 1770 4186 dimissus
1796 4122 2006 4208 diaphragma

274 4235 434 4310 intrabat,
465 4235 638 4300 decurrens
672 4237 805 4300 axillam
834 4239 973 4322 petebat.
1012 4245 1110 4304 Aorts
1138 4239 1336 4302 descendens
1362 4241 1472 4302 solitos
1501 4242 1670 4304 emittebas
1698 4259 1806 4304 camos
1836 4261 1871 4302 ac
1899 4242 2006 4326 usagio

276 4353 485 4416 dextrorsum
505 4353 660 4417 inclinata
681 4355 717 4414 isa
738 4358 876 4422 arterias·
899 4359 1008 4424 iliacas
1029 4377 1098 4456 non
1125 4358 1310 4434 desinebat,
1337 4357 1449 4421 sedin
1478 4357 1630 4419 arteriam
1652 4358 1886 4421 umbilicalem.
1924 4359 2020 4432 Unia,

275 4489 349 4538 um
374 4490 449 4558 ergo
471 4479 622 4544 arteriam
644 4474 877 4538 crassissimam
895 4478 1083 4543 continebat
1101 4475 1291 4557 iunhuius,
1316 4491 1353 4554 ,st
1373 4477 1482 4542 iliacae
1501 4475 1602 4542 calles
1618 4475 1703 4542 tami
1722 4489 1835 4558 mant,
1854 4495 1895 4542 ert
1914 4491 2003 4544 sorta

278 4609 354 4662 assas
371 4597 474 4682 ipsius
496 4597 599 4660 linem
624 4591 838 4678 egredientes.

291 4837 796 4865 m

343 4991 374 5066 ²)
393 4991 463 5047 dcta
479 4987 622 5049 belvatica.
649 4991 716 5049 vot.
735 4991 801 5054 Vll.
821 4991 890 5055 obs.
907 4993 941 5051 dc
960 4992 1037 5053 iaetu
1056 4989 1457 5076 monnicae.elc.p.56.st1.
1486 4999 1557 5063 Tab.
1581 4995 1631 5070 m,
