<?xml version="1.0" encoding="UTF-8"?>
<!DOCTYPE html PUBLIC "-//W3C//DTD XHTML 1.0 Transitional//EN"
    "http://www.w3.org/TR/xhtml1/DTD/xhtml1-transitional.dtd">
<html xmlns="http://www.w3.org/1999/xhtml" xml:lang="en" lang="en">
 <head>
  <title>
</title>
<meta http-equiv="Content-Type" content="text/html;charset=utf-8" />
  <meta name='ocr-system' content='tesseract 3.04.00' />
  <meta name='ocr-capabilities' content='ocr_page ocr_carea ocr_par ocr_line ocrx_word'/>
</head>
<body>
  <div class='ocr_page' id='page_1' title='image "./decordisectopia00weesgoog_0011.png"; bbox 0 0 5064 6286; ppageno 0'>
   <div class='ocr_carea' id='block_1_1' title="bbox 505 735 532 798">
    <p class='ocr_par' dir='ltr' id='par_1_1' title="bbox 505 735 532 798">
     <span class='ocr_line' id='line_1_1' title="bbox 505 735 532 798; baseline 0 0"><span class='ocrx_word' id='word_1_1' title='bbox 505 735 532 798; x_wconf 84' lang='lat'>2</span> 
     </span>
    </p>
   </div>
   <div class='ocr_carea' id='block_1_2' title="bbox 485 904 2302 2804">
    <p class='ocr_par' dir='ltr' id='par_1_2' title="bbox 498 904 2267 1130">
     <span class='ocr_line' id='line_1_2' title="bbox 501 904 2267 1006; baseline 0.006 -30"><span class='ocrx_word' id='word_1_2' title='bbox 501 932 582 976; x_wconf 77' lang='lat' dir='ltr'><strong><em>rurs</em></strong></span> <span class='ocrx_word' id='word_1_3' title='bbox 614 911 788 977; x_wconf 86' lang='lat' dir='ltr'><strong><em>desiderio</em></strong></span> <span class='ocrx_word' id='word_1_4' title='bbox 802 911 1040 996; x_wconf 78' lang='lat' dir='ltr'><strong><em>respondeant,</em></strong></span> <span class='ocrx_word' id='word_1_5' title='bbox 1068 925 1128 976; x_wconf 89' lang='lat' dir='ltr'><strong><em>aut</em></strong></span> <span class='ocrx_word' id='word_1_6' title='bbox 1154 931 1190 975; x_wconf 90' lang='lat' dir='ltr'><strong><em>re</em></strong></span> <span class='ocrx_word' id='word_1_7' title='bbox 1210 932 1292 976; x_wconf 88' lang='lat' dir='ltr'><strong><em>vera</em></strong></span> <span class='ocrx_word' id='word_1_8' title='bbox 1313 912 1531 977; x_wconf 87' lang='lat' dir='ltr'><strong><em>necessarium</em></strong></span> <span class='ocrx_word' id='word_1_9' title='bbox 1542 904 1659 1004; x_wconf 87' lang='lat' dir='ltr'><strong><em>suerit</em></strong></span> <span class='ocrx_word' id='word_1_10' title='bbox 1692 928 1774 981; x_wconf 89' lang='lat' dir='ltr'><strong><em>nota</em></strong></span> <span class='ocrx_word' id='word_1_11' title='bbox 1802 913 1908 982; x_wconf 86' lang='lat' dir='ltr'><strong><em>dersuo</em></strong></span> <span class='ocrx_word' id='word_1_12' title='bbox 1936 916 2118 988; x_wconf 76' lang='lat' dir='ltr'><em>describere</em></span> <span class='ocrx_word' id='word_1_13' title='bbox 2139 933 2267 1006; x_wconf 53' lang='lat' dir='ltr'><strong><em>atque,</em></strong></span> 
     </span>
     <span class='ocr_line' id='line_1_3' title="bbox 498 1041 1809 1130; baseline 0.002 -26"><span class='ocrx_word' id='word_1_14' title='bbox 498 1043 673 1119; x_wconf 76' lang='lat' dir='ltr'><strong><em>delineare,</em></strong></span> <span class='ocrx_word' id='word_1_15' title='bbox 696 1043 735 1105; x_wconf 90' lang='lat' dir='ltr'><strong><em>id</em></strong></span> <span class='ocrx_word' id='word_1_16' title='bbox 755 1043 888 1128; x_wconf 86' lang='lat' dir='ltr'><strong><em>quidem</em></strong></span> <span class='ocrx_word' id='word_1_17' title='bbox 912 1041 1066 1104; x_wconf 85' lang='lat' dir='ltr'><strong><em>candidis</em></strong></span> <span class='ocrx_word' id='word_1_18' title='bbox 1087 1041 1265 1106; x_wconf 90' lang='lat' dir='ltr'><strong><em>lectoribus</em></strong></span> <span class='ocrx_word' id='word_1_19' title='bbox 1288 1043 1542 1130; x_wconf 85' lang='lat' dir='ltr'><strong><em>dijudicandum</em></strong></span> <span class='ocrx_word' id='word_1_20' title='bbox 1564 1047 1809 1126; x_wconf 76' lang='lat' dir='ltr'><strong><em>praetermitto.</em></strong></span> 
     </span>
    </p>

    <p class='ocr_par' dir='ltr' id='par_1_3' title="bbox 485 1171 2302 2679">
     <span class='ocr_line' id='line_1_4' title="bbox 581 1171 2233 1258; baseline 0.002 -22"><span class='ocrx_word' id='word_1_21' title='bbox 581 1171 697 1236; x_wconf 88' lang='lat' dir='ltr'><strong><em>Pauca</em></strong></span> <span class='ocrx_word' id='word_1_22' title='bbox 717 1185 901 1255; x_wconf 77' lang='lat' dir='ltr'><strong><em>supersunt,</em></strong></span> <span class='ocrx_word' id='word_1_23' title='bbox 923 1193 1006 1256; x_wconf 85' lang='lat' dir='ltr'><strong><em>quae</em></strong></span> <span class='ocrx_word' id='word_1_24' title='bbox 1029 1171 1199 1258; x_wconf 82' lang='lat' dir='ltr'><strong><em>adjiciam,</em></strong></span> <span class='ocrx_word' id='word_1_25' title='bbox 1221 1172 1263 1232; x_wconf 89' lang='lat' dir='ltr'><strong><em>de</em></strong></span> <span class='ocrx_word' id='word_1_26' title='bbox 1285 1173 1428 1248; x_wconf 89' lang='lat' dir='ltr'><strong><em>ratione,</em></strong></span> <span class='ocrx_word' id='word_1_27' title='bbox 1452 1195 1517 1258; x_wconf 89' lang='lat' dir='ltr'><strong><em>qua</em></strong></span> <span class='ocrx_word' id='word_1_28' title='bbox 1539 1195 1616 1235; x_wconf 87' lang='lat' dir='ltr'><strong><em>usus</em></strong></span> <span class='ocrx_word' id='word_1_29' title='bbox 1637 1195 1709 1236; x_wconf 90' lang='lat' dir='ltr'><strong><em>sum</em></strong></span> <span class='ocrx_word' id='word_1_30' title='bbox 1742 1176 1779 1236; x_wconf 90' lang='lat' dir='ltr'><strong><em>iu</em></strong></span> <span class='ocrx_word' id='word_1_31' title='bbox 1801 1174 1998 1238; x_wconf 70' lang='lat' dir='ltr'><strong><em>adhibendis</em></strong></span> <span class='ocrx_word' id='word_1_32' title='bbox 2021 1176 2160 1240; x_wconf 90' lang='lat' dir='ltr'><strong><em>aliorum</em></strong></span> <span class='ocrx_word' id='word_1_33' title='bbox 2182 1175 2233 1239; x_wconf 88' lang='lat' dir='ltr'><strong><em>ob-</em></strong></span> 
     </span>
     <span class='ocr_line' id='line_1_5' title="bbox 498 1299 2239 1402; baseline 0.001 -38"><span class='ocrx_word' id='word_1_34' title='bbox 498 1299 742 1366; x_wconf 83' lang='lat' dir='ltr'><strong><em>servationibus</em></strong></span> <span class='ocrx_word' id='word_1_35' title='bbox 770 1301 817 1364; x_wconf 93' lang='lat' dir='ltr'><strong><em>ad</em></strong></span> <span class='ocrx_word' id='word_1_36' title='bbox 846 1300 1110 1366; x_wconf 82' lang='lat' dir='ltr'><strong><em>constituendam</em></strong></span> <span class='ocrx_word' id='word_1_37' title='bbox 1132 1299 1403 1383; x_wconf 82' lang='lat' dir='ltr'><strong><em>scriptiunculam</em></strong></span> <span class='ocrx_word' id='word_1_38' title='bbox 1426 1324 1540 1364; x_wconf 88' lang='lat' dir='ltr'><strong><em>meam.</em></strong></span> <span class='ocrx_word' id='word_1_39' title='bbox 1588 1303 1691 1402; x_wconf 66' lang='lat' dir='ltr'><strong><em>Quae,</em></strong></span> <span class='ocrx_word' id='word_1_40' title='bbox 1715 1325 1787 1365; x_wconf 88' lang='lat' dir='ltr'><strong><em>cum</em></strong></span> <span class='ocrx_word' id='word_1_41' title='bbox 1803 1306 2034 1368; x_wconf 71' lang='lat' dir='ltr'><strong><em>aussoreno</em></strong></span> <span class='ocrx_word' id='word_1_42' title='bbox 2057 1305 2239 1386; x_wconf 76' lang='lat' dir='ltr'><strong><em>diligenter</em></strong></span> 
     </span>
     <span class='ocr_line' id='line_1_6' title="bbox 498 1403 2239 1518; baseline -0.001 -24"><span class='ocrx_word' id='word_1_43' title='bbox 498 1454 517 1494; x_wconf 89' lang='lat' dir='ltr'><strong><em>e</em></strong></span> <span class='ocrx_word' id='word_1_44' title='bbox 538 1431 745 1494; x_wconf 88' lang='lat' dir='ltr'><strong><em>Medicorum</em></strong></span> <span class='ocrx_word' id='word_1_45' title='bbox 766 1429 889 1493; x_wconf 85' lang='lat' dir='ltr'><strong><em>diariis</em></strong></span> <span class='ocrx_word' id='word_1_46' title='bbox 917 1443 953 1494; x_wconf 93' lang='lat' dir='ltr'><strong><em>et</em></strong></span> <span class='ocrx_word' id='word_1_47' title='bbox 973 1429 1116 1512; x_wconf 78' lang='lat' dir='ltr'><strong><em>singulis</em></strong></span> <span class='ocrx_word' id='word_1_48' title='bbox 1150 1429 1479 1494; x_wconf 83' lang='lat' dir='ltr'><strong><em>commentationibus</em></strong></span> <span class='ocrx_word' id='word_1_49' title='bbox 1502 1429 1659 1494; x_wconf 87' lang='lat' dir='ltr'><strong><em>collectae</em></strong></span> <span class='ocrx_word' id='word_1_50' title='bbox 1681 1445 1781 1518; x_wconf 86' lang='lat' dir='ltr'><strong><em>atque</em></strong></span> <span class='ocrx_word' id='word_1_51' title='bbox 1802 1403 1991 1516; x_wconf 80' lang='lat' dir='ltr'><strong><em>dispositae</em></strong></span> <span class='ocrx_word' id='word_1_52' title='bbox 2012 1436 2091 1508; x_wconf 90' lang='lat' dir='ltr'><strong><em>siut,</em></strong></span> <span class='ocrx_word' id='word_1_53' title='bbox 2114 1434 2239 1518; x_wconf 81' lang='lat' dir='ltr'><strong><em>aliquis</em></strong></span> 
     </span>
     <span class='ocr_line' id='line_1_7' title="bbox 485 1552 2237 1652; baseline -0.002 -26"><span class='ocrx_word' id='word_1_54' title='bbox 485 1552 612 1652; x_wconf 83' lang='lat' dir='ltr'><strong><em>forsan</em></strong></span> <span class='ocrx_word' id='word_1_55' title='bbox 634 1582 684 1622; x_wconf 89' lang='lat' dir='ltr'><strong><em>me</em></strong></span> <span class='ocrx_word' id='word_1_56' title='bbox 697 1561 877 1642; x_wconf 87' lang='lat' dir='ltr'><strong><em>vituperet,</em></strong></span> <span class='ocrx_word' id='word_1_57' title='bbox 899 1559 990 1646; x_wconf 81' lang='lat' dir='ltr'><strong><em>quod</em></strong></span> <span class='ocrx_word' id='word_1_58' title='bbox 1010 1581 1075 1624; x_wconf 90' lang='lat' dir='ltr'><strong><em>nou</em></strong></span> <span class='ocrx_word' id='word_1_59' title='bbox 1097 1562 1131 1622; x_wconf 92' lang='lat' dir='ltr'><strong><em>iu</em></strong></span> <span class='ocrx_word' id='word_1_60' title='bbox 1154 1581 1192 1624; x_wconf 90' lang='lat' dir='ltr'><strong><em>eo</em></strong></span> <span class='ocrx_word' id='word_1_61' title='bbox 1207 1561 1426 1642; x_wconf 85' lang='lat' dir='ltr'><strong><em>perstiterim,</em></strong></span> <span class='ocrx_word' id='word_1_62' title='bbox 1447 1559 1586 1624; x_wconf 85' lang='lat' dir='ltr'><strong><em>lectores</em></strong></span> <span class='ocrx_word' id='word_1_63' title='bbox 1599 1562 1644 1622; x_wconf 87' lang='lat' dir='ltr'><strong><em>ad</em></strong></span> <span class='ocrx_word' id='word_1_64' title='bbox 1665 1563 1726 1625; x_wconf 83' lang='lat' dir='ltr'><strong><em>lroc</em></strong></span> <span class='ocrx_word' id='word_1_65' title='bbox 1748 1583 1831 1646; x_wconf 89' lang='lat' dir='ltr'><strong><em>opus</em></strong></span> <span class='ocrx_word' id='word_1_66' title='bbox 1845 1564 2053 1625; x_wconf 90' lang='lat' dir='ltr'><strong><em>notissimum</em></strong></span> <span class='ocrx_word' id='word_1_67' title='bbox 2075 1563 2237 1643; x_wconf 79' lang='lat' dir='ltr'><strong><em>delegare,</em></strong></span> 
     </span>
     <span class='ocr_line' id='line_1_8' title="bbox 494 1681 2233 1779; baseline 0.002 -30"><span class='ocrx_word' id='word_1_68' title='bbox 494 1689 554 1752; x_wconf 92' lang='lat' dir='ltr'><strong><em>sed</em></strong></span> <span class='ocrx_word' id='word_1_69' title='bbox 575 1691 694 1752; x_wconf 87' lang='lat' dir='ltr'><strong><em>iterum</em></strong></span> <span class='ocrx_word' id='word_1_70' title='bbox 716 1691 831 1770; x_wconf 85' lang='lat' dir='ltr'><strong><em>potius</em></strong></span> <span class='ocrx_word' id='word_1_71' title='bbox 853 1701 953 1775; x_wconf 83' lang='lat' dir='ltr'><strong><em>atque</em></strong></span> <span class='ocrx_word' id='word_1_72' title='bbox 964 1681 1085 1779; x_wconf 84' lang='lat' dir='ltr'><strong><em>fiesius</em></strong></span> <span class='ocrx_word' id='word_1_73' title='bbox 1107 1711 1164 1750; x_wconf 87' lang='lat' dir='ltr'><strong><em>eas</em></strong></span> <span class='ocrx_word' id='word_1_74' title='bbox 1183 1690 1475 1772; x_wconf 80' lang='lat' dir='ltr'><strong><em>pertractaverint.</em></strong></span> <span class='ocrx_word' id='word_1_75' title='bbox 1525 1689 1574 1752; x_wconf 81' lang='lat' dir='ltr'><strong><em>At</em></strong></span> <span class='ocrx_word' id='word_1_76' title='bbox 1603 1690 1689 1752; x_wconf 85' lang='lat' dir='ltr'><strong><em>euim</em></strong></span> <span class='ocrx_word' id='word_1_77' title='bbox 1711 1689 1879 1773; x_wconf 85' lang='lat' dir='ltr'><strong><em>idipsum</em></strong></span> <span class='ocrx_word' id='word_1_78' title='bbox 1906 1693 2136 1753; x_wconf 83' lang='lat' dir='ltr'><strong><em>excusationis</em></strong></span> <span class='ocrx_word' id='word_1_79' title='bbox 2160 1689 2233 1753; x_wconf 90' lang='lat' dir='ltr'><strong><em>loco</em></strong></span> 
     </span>
     <span class='ocr_line' id='line_1_9' title="bbox 492 1815 2233 1906; baseline -0.001 -25"><span class='ocrx_word' id='word_1_80' title='bbox 492 1817 611 1881; x_wconf 83' lang='lat' dir='ltr'><strong><em>lrabere</em></strong></span> <span class='ocrx_word' id='word_1_81' title='bbox 642 1819 725 1879; x_wconf 80' lang='lat' dir='ltr'><strong><em>milri</em></strong></span> <span class='ocrx_word' id='word_1_82' title='bbox 753 1819 884 1880; x_wconf 86' lang='lat' dir='ltr'><strong><em>videor.</em></strong></span> <span class='ocrx_word' id='word_1_83' title='bbox 927 1819 1012 1880; x_wconf 88' lang='lat' dir='ltr'><strong><em>Nisi</em></strong></span> <span class='ocrx_word' id='word_1_84' title='bbox 1046 1818 1228 1879; x_wconf 84' lang='lat' dir='ltr'><strong><em>maximam</em></strong></span> <span class='ocrx_word' id='word_1_85' title='bbox 1252 1815 1413 1879; x_wconf 88' lang='lat' dir='ltr'><strong><em>similium</em></strong></span> <span class='ocrx_word' id='word_1_86' title='bbox 1449 1837 1581 1878; x_wconf 89' lang='lat' dir='ltr'><strong><em>casuum</em></strong></span> <span class='ocrx_word' id='word_1_87' title='bbox 1614 1832 1747 1900; x_wconf 86' lang='lat' dir='ltr'><strong><em>partem</em></strong></span> <span class='ocrx_word' id='word_1_88' title='bbox 1782 1821 1878 1901; x_wconf 89' lang='lat' dir='ltr'><strong><em>prius</em></strong></span> <span class='ocrx_word' id='word_1_89' title='bbox 1889 1819 1970 1906; x_wconf 88' lang='lat' dir='ltr'><strong><em>jam</em></strong></span> <span class='ocrx_word' id='word_1_90' title='bbox 1993 1821 2233 1900; x_wconf 78' lang='lat' dir='ltr'><strong><em>cognovissem,</em></strong></span> 
     </span>
     <span class='ocr_line' id='line_1_10' title="bbox 492 1935 2302 2036; baseline -0.001 -28"><span class='ocrx_word' id='word_1_91' title='bbox 492 1966 592 2031; x_wconf 82' lang='lat' dir='ltr'><strong><em>quam</em></strong></span> <span class='ocrx_word' id='word_1_92' title='bbox 623 1946 810 2008; x_wconf 76' lang='lat' dir='ltr'><strong><em>Macmrr</em></strong></span> <span class='ocrx_word' id='word_1_93' title='bbox 846 1943 929 2006; x_wconf 89' lang='lat' dir='ltr'><strong><em>liber</em></strong></span> <span class='ocrx_word' id='word_1_94' title='bbox 963 1947 999 2008; x_wconf 89' lang='lat' dir='ltr'><strong><em>in</em></strong></span> <span class='ocrx_word' id='word_1_95' title='bbox 1029 1966 1144 2008; x_wconf 85' lang='lat' dir='ltr'><strong><em>marsus</em></strong></span> <span class='ocrx_word' id='word_1_96' title='bbox 1168 1965 1257 2006; x_wconf 88' lang='lat' dir='ltr'><strong><em>meas</em></strong></span> <span class='ocrx_word' id='word_1_97' title='bbox 1286 1943 1465 2017; x_wconf 85' lang='lat' dir='ltr'><strong><em>inciderit,</em></strong></span> <span class='ocrx_word' id='word_1_98' title='bbox 1484 1935 1641 2032; x_wconf 91' lang='lat' dir='ltr'><strong><em>sortasse</em></strong></span> <span class='ocrx_word' id='word_1_99' title='bbox 1676 1945 1760 2008; x_wconf 80' lang='lat' dir='ltr'><strong><em>milei</em></strong></span> <span class='ocrx_word' id='word_1_100' title='bbox 1789 1948 1860 2030; x_wconf 89' lang='lat' dir='ltr'><strong><em>ipsi</em></strong></span> <span class='ocrx_word' id='word_1_101' title='bbox 1888 1968 2080 2030; x_wconf 89' lang='lat' dir='ltr'><strong><em>persuasum</em></strong></span> <span class='ocrx_word' id='word_1_102' title='bbox 2091 1939 2236 2036; x_wconf 72' lang='lat' dir='ltr'><strong><em>ficisset,</em></strong></span> <span class='ocrx_word' id='word_1_103' title='bbox 2281 1961 2302 1989; x_wconf 67' lang='lat'><strong><em>‘=</em></strong></span> 
     </span>
     <span class='ocr_line' id='line_1_11' title="bbox 494 2071 2235 2160; baseline -0.002 -20"><span class='ocrx_word' id='word_1_104' title='bbox 494 2076 579 2140; x_wconf 80' lang='lat' dir='ltr'><strong><em>nihil</em></strong></span> <span class='ocrx_word' id='word_1_105' title='bbox 599 2095 736 2158; x_wconf 87' lang='lat' dir='ltr'><strong><em>prorsus</em></strong></span> <span class='ocrx_word' id='word_1_106' title='bbox 758 2073 984 2160; x_wconf 75' lang='lat' dir='ltr'><strong><em>adficiendum</em></strong></span> <span class='ocrx_word' id='word_1_107' title='bbox 1006 2095 1086 2136; x_wconf 89' lang='lat' dir='ltr'><strong><em>esse.</em></strong></span> <span class='ocrx_word' id='word_1_108' title='bbox 1135 2072 1216 2136; x_wconf 75' lang='lat' dir='ltr'><strong><em>Cum</em></strong></span> <span class='ocrx_word' id='word_1_109' title='bbox 1246 2087 1356 2135; x_wconf 91' lang='lat' dir='ltr'><strong><em>tamen</em></strong></span> <span class='ocrx_word' id='word_1_110' title='bbox 1379 2071 1628 2136; x_wconf 80' lang='lat' dir='ltr'><strong><em>observatorum</em></strong></span> <span class='ocrx_word' id='word_1_111' title='bbox 1651 2075 1781 2155; x_wconf 91' lang='lat' dir='ltr'><strong><em>scripta</em></strong></span> <span class='ocrx_word' id='word_1_112' title='bbox 1803 2075 1999 2148; x_wconf 82' lang='lat' dir='ltr'><strong><em>evolverem,</em></strong></span> <span class='ocrx_word' id='word_1_113' title='bbox 2024 2076 2167 2157; x_wconf 90' lang='lat' dir='ltr'><strong><em>propria</em></strong></span> <span class='ocrx_word' id='word_1_114' title='bbox 2188 2076 2235 2137; x_wconf 90' lang='lat' dir='ltr'><strong><em>in·</em></strong></span> 
     </span>
     <span class='ocr_line' id='line_1_12' title="bbox 494 2200 2235 2290; baseline -0.004 -20"><span class='ocrx_word' id='word_1_115' title='bbox 494 2207 677 2290; x_wconf 80' lang='lat' dir='ltr'><strong><em>dagatious</em></strong></span> <span class='ocrx_word' id='word_1_116' title='bbox 698 2201 844 2278; x_wconf 89' lang='lat' dir='ltr'><strong><em>edoctus,</em></strong></span> <span class='ocrx_word' id='word_1_117' title='bbox 868 2203 1025 2265; x_wconf 86' lang='lat' dir='ltr'><strong><em>iteratam</em></strong></span> <span class='ocrx_word' id='word_1_118' title='bbox 1048 2203 1252 2284; x_wconf 83' lang='lat' dir='ltr'><strong><em>singularum</em></strong></span> <span class='ocrx_word' id='word_1_119' title='bbox 1267 2200 1536 2266; x_wconf 86' lang='lat' dir='ltr'><strong><em>observationum</em></strong></span> <span class='ocrx_word' id='word_1_120' title='bbox 1551 2203 1833 2276; x_wconf 85' lang='lat' dir='ltr'><strong><em>ereumerationem,</em></strong></span> <span class='ocrx_word' id='word_1_121' title='bbox 1858 2223 1992 2288; x_wconf 82' lang='lat' dir='ltr'><strong><em>eamque</em></strong></span> <span class='ocrx_word' id='word_1_122' title='bbox 2008 2203 2235 2284; x_wconf 83' lang='lat' dir='ltr'><strong><em>prolixiorem,</em></strong></span> 
     </span>
     <span class='ocr_line' id='line_1_13' title="bbox 493 2323 2234 2424; baseline -0.003 -26"><span class='ocrx_word' id='word_1_123' title='bbox 493 2356 591 2422; x_wconf 83' lang='lat' dir='ltr'><strong><em>qrsam</em></strong></span> <span class='ocrx_word' id='word_1_124' title='bbox 604 2330 788 2424; x_wconf 60' lang='lat' dir='ltr'><strong><em>finibusset</em></strong></span> <span class='ocrx_word' id='word_1_125' title='bbox 807 2329 944 2396; x_wconf 89' lang='lat' dir='ltr'><strong><em>consilio</em></strong></span> <span class='ocrx_word' id='word_1_126' title='bbox 967 2331 1162 2394; x_wconf 85' lang='lat' dir='ltr'><strong><em>Enclsiridii</em></strong></span> <span class='ocrx_word' id='word_1_127' title='bbox 1183 2331 1303 2394; x_wconf 90' lang='lat' dir='ltr'><strong><em>idonea</em></strong></span> <span class='ocrx_word' id='word_1_128' title='bbox 1315 2323 1459 2420; x_wconf 90' lang='lat' dir='ltr'><strong><em>fuisset,</em></strong></span> <span class='ocrx_word' id='word_1_129' title='bbox 1481 2353 1547 2394; x_wconf 92' lang='lat' dir='ltr'><strong><em>nou</em></strong></span> <span class='ocrx_word' id='word_1_130' title='bbox 1560 2331 1712 2394; x_wconf 85' lang='lat' dir='ltr'><strong><em>inutilem</em></strong></span> <span class='ocrx_word' id='word_1_131' title='bbox 1730 2323 1816 2420; x_wconf 90' lang='lat' dir='ltr'><strong><em>sore</em></strong></span> <span class='ocrx_word' id='word_1_132' title='bbox 1838 2330 1982 2394; x_wconf 89' lang='lat' dir='ltr'><strong><em>laborem</em></strong></span> <span class='ocrx_word' id='word_1_133' title='bbox 2028 2330 2234 2403; x_wconf 81' lang='lat' dir='ltr'><strong><em>existimavi,</em></strong></span> 
     </span>
     <span class='ocr_line' id='line_1_14' title="bbox 493 2455 2232 2552; baseline -0.006 -21"><span class='ocrx_word' id='word_1_134' title='bbox 493 2485 596 2552; x_wconf 80' lang='lat' dir='ltr'><strong><em>ruqsea</em></strong></span> <span class='ocrx_word' id='word_1_135' title='bbox 617 2463 766 2547; x_wconf 86' lang='lat' dir='ltr'><strong><em>ineptum</em></strong></span> <span class='ocrx_word' id='word_1_136' title='bbox 788 2463 824 2526; x_wconf 91' lang='lat' dir='ltr'><strong><em>iu</em></strong></span> <span class='ocrx_word' id='word_1_137' title='bbox 845 2461 1130 2532; x_wconf 83' lang='lat' dir='ltr'><strong><em>commentatione,</em></strong></span> <span class='ocrx_word' id='word_1_138' title='bbox 1151 2459 1244 2548; x_wconf 72' lang='lat' dir='ltr'><strong><em>ctsjus</em></strong></span> <span class='ocrx_word' id='word_1_139' title='bbox 1256 2455 1345 2547; x_wconf 88' lang='lat' dir='ltr'><strong><em>finis</em></strong></span> <span class='ocrx_word' id='word_1_140' title='bbox 1366 2472 1419 2522; x_wconf 92' lang='lat' dir='ltr'><strong><em>est</em></strong></span> <span class='ocrx_word' id='word_1_141' title='bbox 1439 2462 1598 2524; x_wconf 89' lang='lat' dir='ltr'><strong><em>materiae</em></strong></span> <span class='ocrx_word' id='word_1_142' title='bbox 1621 2460 1806 2522; x_wconf 85' lang='lat' dir='ltr'><strong><em>attentione</em></strong></span> <span class='ocrx_word' id='word_1_143' title='bbox 1828 2461 2055 2544; x_wconf 79' lang='lat' dir='ltr'><strong><em>dignissimae,</em></strong></span> <span class='ocrx_word' id='word_1_144' title='bbox 2078 2481 2095 2520; x_wconf 90' lang='lat' dir='ltr'><strong><em>e</em></strong></span> <span class='ocrx_word' id='word_1_145' title='bbox 2112 2473 2232 2539; x_wconf 81' lang='lat' dir='ltr'><strong><em>magno</em></strong></span> 
     </span>
     <span class='ocr_line' id='line_1_15' title="bbox 495 2588 1401 2679; baseline -0.013 -18"><span class='ocrx_word' id='word_1_146' title='bbox 495 2597 581 2661; x_wconf 86' lang='lat' dir='ltr'><strong><em>artis</em></strong></span> <span class='ocrx_word' id='word_1_147' title='bbox 600 2613 687 2679; x_wconf 87' lang='lat' dir='ltr'><strong><em>penu</em></strong></span> <span class='ocrx_word' id='word_1_148' title='bbox 708 2592 935 2676; x_wconf 90' lang='lat' dir='ltr'><strong><em>depromptae,</em></strong></span> <span class='ocrx_word' id='word_1_149' title='bbox 959 2590 1147 2654; x_wconf 87' lang='lat' dir='ltr'><strong><em>accuratior</em></strong></span> <span class='ocrx_word' id='word_1_150' title='bbox 1166 2588 1401 2672; x_wconf 89' lang='lat' dir='ltr'><strong><em>perscrutatio.</em></strong></span> 
     </span>
    </p>

    <p class='ocr_par' dir='ltr' id='par_1_4' title="bbox 576 2709 2231 2804">
     <span class='ocr_line' id='line_1_16' title="bbox 576 2709 2231 2804; baseline -0.009 -16"><span class='ocrx_word' id='word_1_151' title='bbox 576 2723 637 2788; x_wconf 90' lang='lat' dir='ltr'><strong><em>De</em></strong></span> <span class='ocrx_word' id='word_1_152' title='bbox 659 2722 833 2804; x_wconf 80' lang='lat' dir='ltr'><strong><em>congenito</em></strong></span> <span class='ocrx_word' id='word_1_153' title='bbox 855 2719 967 2784; x_wconf 89' lang='lat' dir='ltr'><strong><em>cordis</em></strong></span> <span class='ocrx_word' id='word_1_154' title='bbox 988 2731 1087 2782; x_wconf 84' lang='lat' dir='ltr'><strong><em>extra</em></strong></span> <span class='ocrx_word' id='word_1_155' title='bbox 1108 2718 1256 2782; x_wconf 78' lang='lat' dir='ltr'><strong><em>thoracis</em></strong></span> <span class='ocrx_word' id='word_1_156' title='bbox 1278 2719 1462 2780; x_wconf 88' lang='lat' dir='ltr'><strong><em>cavitatem</em></strong></span> <span class='ocrx_word' id='word_1_157' title='bbox 1483 2717 1554 2782; x_wconf 87' lang='lat' dir='ltr'><strong><em>situ</em></strong></span> <span class='ocrx_word' id='word_1_158' title='bbox 1576 2715 1727 2782; x_wconf 87' lang='lat' dir='ltr'><strong><em>abnormi</em></strong></span> <span class='ocrx_word' id='word_1_159' title='bbox 1747 2717 1916 2787; x_wconf 89' lang='lat' dir='ltr'><strong><em>dicturus,</em></strong></span> <span class='ocrx_word' id='word_1_160' title='bbox 1940 2717 1976 2775; x_wconf 93' lang='lat' dir='ltr'><strong><em>in</em></strong></span> <span class='ocrx_word' id='word_1_161' title='bbox 1998 2715 2108 2777; x_wconf 87' lang='lat' dir='ltr'><strong><em>animo</em></strong></span> <span class='ocrx_word' id='word_1_162' title='bbox 2130 2709 2231 2774; x_wconf 77' lang='lat' dir='ltr'><strong><em>habui</em></strong></span> 
     </span>
    </p>
   </div>
   <div class='ocr_carea' id='block_1_3' title="bbox 490 2837 2232 2939">
    <p class='ocr_par' dir='ltr' id='par_1_5' title="bbox 490 2837 2232 2939">
     <span class='ocr_line' id='line_1_17' title="bbox 490 2837 2232 2939; baseline -0.01 -23"><span class='ocrx_word' id='word_1_163' title='bbox 490 2853 576 2922; x_wconf 86' lang='lat' dir='ltr'><strong><em>vitii</em></strong></span> <span class='ocrx_word' id='word_1_164' title='bbox 596 2853 694 2939; x_wconf 76' lang='lat' dir='ltr'><strong><em>liujus</em></strong></span> <span class='ocrx_word' id='word_1_165' title='bbox 715 2849 913 2932; x_wconf 79' lang='lat' dir='ltr'><strong><em>gravissimi</em></strong></span> <span class='ocrx_word' id='word_1_166' title='bbox 938 2849 1237 2932; x_wconf 79' lang='lat' dir='ltr'><strong><em>Monograplsiam,</em></strong></span> <span class='ocrx_word' id='word_1_167' title='bbox 1259 2859 1417 2933; x_wconf 82' lang='lat' dir='ltr'><strong><em>quantum</em></strong></span> <span class='ocrx_word' id='word_1_168' title='bbox 1437 2867 1587 2929; x_wconf 89' lang='lat' dir='ltr'><strong><em>possem,</em></strong></span> <span class='ocrx_word' id='word_1_169' title='bbox 1611 2846 1799 2910; x_wconf 91' lang='lat' dir='ltr'><strong><em>absolutam</em></strong></span> <span class='ocrx_word' id='word_1_170' title='bbox 1828 2838 1990 2905; x_wconf 78' lang='lat' dir='ltr'><strong><em>exhibere.</em></strong></span> <span class='ocrx_word' id='word_1_171' title='bbox 2038 2837 2098 2900; x_wconf 77' lang='lat' dir='ltr'><strong><em>Sin</em></strong></span> <span class='ocrx_word' id='word_1_172' title='bbox 2120 2850 2232 2899; x_wconf 89' lang='lat' dir='ltr'><strong><em>tamen</em></strong></span> 
     </span>
    </p>
   </div>
   <div class='ocr_carea' id='block_1_4' title="bbox 484 2957 2231 3072">
    <p class='ocr_par' dir='ltr' id='par_1_6' title="bbox 484 2957 2231 3072">
     <span class='ocr_line' id='line_1_18' title="bbox 484 2957 2231 3072; baseline -0.013 -24"><span class='ocrx_word' id='word_1_173' title='bbox 484 2983 614 3072; x_wconf 82' lang='lat' dir='ltr'><strong><em>judicii</em></strong></span> <span class='ocrx_word' id='word_1_174' title='bbox 634 2981 871 3056; x_wconf 88' lang='lat' dir='ltr'><strong><em>immaturitas,</em></strong></span> <span class='ocrx_word' id='word_1_175' title='bbox 892 2979 1080 3062; x_wconf 85' lang='lat' dir='ltr'><strong><em>viriumque</em></strong></span> <span class='ocrx_word' id='word_1_176' title='bbox 1095 2975 1302 3064; x_wconf 89' lang='lat' dir='ltr'><strong><em>juvenilium</em></strong></span> <span class='ocrx_word' id='word_1_177' title='bbox 1320 2975 1499 3051; x_wconf 76' lang='lat' dir='ltr'><strong><em>hebetudo,</em></strong></span> <span class='ocrx_word' id='word_1_178' title='bbox 1527 2975 1593 3040; x_wconf 85' lang='lat' dir='ltr'><strong><em>teli</em></strong></span> <span class='ocrx_word' id='word_1_179' title='bbox 1621 2975 1761 3041; x_wconf 88' lang='lat' dir='ltr'><strong><em>consilio</em></strong></span> <span class='ocrx_word' id='word_1_180' title='bbox 1790 2993 1855 3036; x_wconf 90' lang='lat' dir='ltr'><strong><em>nou</em></strong></span> <span class='ocrx_word' id='word_1_181' title='bbox 1889 2969 1977 3032; x_wconf 89' lang='lat' dir='ltr'><strong><em>satis</em></strong></span> <span class='ocrx_word' id='word_1_182' title='bbox 2008 2979 2092 3050; x_wconf 87' lang='lat' dir='ltr'><strong><em>apta</em></strong></span> <span class='ocrx_word' id='word_1_183' title='bbox 2104 2957 2231 3056; x_wconf 62' lang='lat' dir='ltr'><strong><em>fiterio,</em></strong></span> 
     </span>
    </p>
   </div>
   <div class='ocr_carea' id='block_1_5' title="bbox 490 3097 2227 3196">
    <p class='ocr_par' dir='ltr' id='par_1_7' title="bbox 490 3097 2227 3196">
     <span class='ocr_line' id='line_1_19' title="bbox 490 3097 2227 3196; baseline -0.012 -18"><span class='ocrx_word' id='word_1_184' title='bbox 490 3113 630 3180; x_wconf 86' lang='lat' dir='ltr'><strong><em>lectores</em></strong></span> <span class='ocrx_word' id='word_1_185' title='bbox 651 3109 835 3186; x_wconf 89' lang='lat' dir='ltr'><strong><em>benevolos,</em></strong></span> <span class='ocrx_word' id='word_1_186' title='bbox 858 3127 994 3196; x_wconf 77' lang='lat' dir='ltr'><strong><em>quorum</em></strong></span> <span class='ocrx_word' id='word_1_187' title='bbox 1016 3107 1165 3170; x_wconf 79' lang='lat' dir='ltr'><strong><em>examini</em></strong></span> <span class='ocrx_word' id='word_1_188' title='bbox 1183 3107 1281 3168; x_wconf 87' lang='lat' dir='ltr'><strong><em>lsasce</em></strong></span> <span class='ocrx_word' id='word_1_189' title='bbox 1301 3107 1488 3170; x_wconf 90' lang='lat' dir='ltr'><strong><em>studiorum</em></strong></span> <span class='ocrx_word' id='word_1_190' title='bbox 1509 3106 1682 3189; x_wconf 85' lang='lat' dir='ltr'><strong><em>primitias</em></strong></span> <span class='ocrx_word' id='word_1_191' title='bbox 1705 3100 1859 3188; x_wconf 88' lang='lat' dir='ltr'><strong><em>subjicio,</em></strong></span> <span class='ocrx_word' id='word_1_192' title='bbox 1875 3097 2022 3182; x_wconf 73' lang='lat' dir='ltr'><strong><em>‘rogatos</em></strong></span> <span class='ocrx_word' id='word_1_193' title='bbox 2043 3097 2152 3180; x_wconf 89' lang='lat' dir='ltr'><strong><em>cupio,</em></strong></span> <span class='ocrx_word' id='word_1_194' title='bbox 2172 3115 2227 3159; x_wconf 90' lang='lat' dir='ltr'><strong><em>ve-</em></strong></span> 
     </span>
    </p>
   </div>
   <div class='ocr_carea' id='block_1_6' title="bbox 492 3227 2165 3326">
    <p class='ocr_par' dir='ltr' id='par_1_8' title="bbox 492 3227 2165 3326">
     <span class='ocr_line' id='line_1_20' title="bbox 492 3227 2165 3326; baseline -0.014 -20"><span class='ocrx_word' id='word_1_195' title='bbox 492 3241 559 3309; x_wconf 89' lang='lat' dir='ltr'><strong><em>lint</em></strong></span> <span class='ocrx_word' id='word_1_196' title='bbox 579 3242 626 3306; x_wconf 88' lang='lat' dir='ltr'><strong><em>ad</em></strong></span> <span class='ocrx_word' id='word_1_197' title='bbox 647 3261 687 3306; x_wconf 89' lang='lat' dir='ltr'><strong><em>ea</em></strong></span> <span class='ocrx_word' id='word_1_198' title='bbox 708 3239 817 3326; x_wconf 79' lang='lat' dir='ltr'><strong><em>magis</em></strong></span> <span class='ocrx_word' id='word_1_199' title='bbox 837 3239 1009 3326; x_wconf 84' lang='lat' dir='ltr'><strong><em>respicere,</em></strong></span> <span class='ocrx_word' id='word_1_200' title='bbox 1032 3257 1115 3324; x_wconf 87' lang='lat' dir='ltr'><strong><em>quae</em></strong></span> <span class='ocrx_word' id='word_1_201' title='bbox 1135 3249 1308 3322; x_wconf 83' lang='lat' dir='ltr'><strong><em>praestare</em></strong></span> <span class='ocrx_word' id='word_1_202' title='bbox 1328 3235 1502 3313; x_wconf 85' lang='lat' dir='ltr'><strong><em>voluerim,</em></strong></span> <span class='ocrx_word' id='word_1_203' title='bbox 1524 3253 1622 3321; x_wconf 85' lang='lat' dir='ltr'><strong><em>quam</em></strong></span> <span class='ocrx_word' id='word_1_204' title='bbox 1643 3253 1727 3319; x_wconf 82' lang='lat' dir='ltr'><strong><em>quae</em></strong></span> <span class='ocrx_word' id='word_1_205' title='bbox 1754 3251 1790 3292; x_wconf 93' lang='lat' dir='ltr'><strong><em>re</em></strong></span> <span class='ocrx_word' id='word_1_206' title='bbox 1819 3249 1902 3293; x_wconf 85' lang='lat' dir='ltr'><strong><em>vera</em></strong></span> <span class='ocrx_word' id='word_1_207' title='bbox 1922 3227 2165 3310; x_wconf 87' lang='lat' dir='ltr'><strong><em>praestiterim.</em></strong></span> 
     </span>
    </p>
   </div>
   <div class='ocr_carea' id='block_1_7' title="bbox 0 0 2538 6276">
    <p class='ocr_par' dir='ltr' id='par_1_9' title="bbox 0 0 2538 6276">
     <span class='ocr_line' id='line_1_21' title="bbox 0 0 2538 6276; baseline 0 0"><span class='ocrx_word' id='word_1_208' title='bbox 0 0 2538 6276; x_wconf 95' lang='lat' dir='ltr'><strong><em> </em></strong></span> 
     </span>
    </p>
   </div>
  </div>
 </body>
</html>
