<?xml version="1.0" encoding="UTF-8"?>
<!DOCTYPE html PUBLIC "-//W3C//DTD XHTML 1.0 Transitional//EN"
    "http://www.w3.org/TR/xhtml1/DTD/xhtml1-transitional.dtd">
<html xmlns="http://www.w3.org/1999/xhtml" xml:lang="en" lang="en">
 <head>
  <title>
</title>
<meta http-equiv="Content-Type" content="text/html;charset=utf-8" />
  <meta name='ocr-system' content='tesseract 3.04.00' />
  <meta name='ocr-capabilities' content='ocr_page ocr_carea ocr_par ocr_line ocrx_word'/>
</head>
<body>
  <div class='ocr_page' id='page_1' title='image "./decordisectopia00weesgoog_0052.png"; bbox 0 0 5064 6286; ppageno 0'>
   <div class='ocr_carea' id='block_1_1' title="bbox 1942 703 2000 818">
    <p class='ocr_par' dir='ltr' id='par_1_1' title="bbox 1942 703 2000 818">
     <span class='ocr_line' id='line_1_1' title="bbox 1942 703 2000 818; baseline 0 -18"><span class='ocrx_word' id='word_1_1' title='bbox 1942 703 2000 818; x_wconf 74' lang='grc'>45</span> 
     </span>
    </p>
   </div>
   <div class='ocr_carea' id='block_1_2' title="bbox 265 877 2005 2046">
    <p class='ocr_par' dir='ltr' id='par_1_2' title="bbox 265 877 2005 2046">
     <span class='ocr_line' id='line_1_2' title="bbox 267 877 1999 988; baseline 0.002 -22"><span class='ocrx_word' id='word_1_2' title='bbox 267 899 401 966; x_wconf 86' lang='lat' dir='ltr'>alteriue</span> <span class='ocrx_word' id='word_1_3' title='bbox 422 877 673 962; x_wconf 66' lang='lat' dir='ltr'>decrementum</span> <span class='ocrx_word' id='word_1_4' title='bbox 694 896 833 960; x_wconf 73' lang='lat' dir='ltr'>sistatur.</span> <span class='ocrx_word' id='word_1_5' title='bbox 875 893 914 958; x_wconf 91' lang='lat' dir='ltr'>ln</span> <span class='ocrx_word' id='word_1_6' title='bbox 934 891 1020 956; x_wconf 88' lang='lat' dir='ltr'>hanc</span> <span class='ocrx_word' id='word_1_7' title='bbox 1040 891 1239 972; x_wconf 80' lang='lat' dir='ltr'>seutentiam</span> <span class='ocrx_word' id='word_1_8' title='bbox 1259 891 1446 969; x_wconf 72' lang='lat' dir='ltr'>Maorrtrys</span> <span class='ocrx_word' id='word_1_9' title='bbox 1467 893 1626 966; x_wconf 86' lang='lat' dir='ltr'>inelimre</span> <span class='ocrx_word' id='word_1_10' title='bbox 1649 895 1798 983; x_wconf 66' lang='lat' dir='ltr'>videturg</span> <span class='ocrx_word' id='word_1_11' title='bbox 1815 921 1918 986; x_wconf 86' lang='lat' dir='ltr'>quam</span> <span class='ocrx_word' id='word_1_12' title='bbox 1942 923 1999 988; x_wconf 59' lang='lat' dir='ltr'>erg</span> 
     </span>
     <span class='ocr_line' id='line_1_3' title="bbox 266 1012 1999 1104; baseline 0 -22"><span class='ocrx_word' id='word_1_13' title='bbox 266 1020 347 1083; x_wconf 90' lang='lat' dir='ltr'>inde</span> <span class='ocrx_word' id='word_1_14' title='bbox 367 1033 490 1104; x_wconf 77' lang='lat' dir='ltr'>repeto,</span> <span class='ocrx_word' id='word_1_15' title='bbox 513 1017 613 1100; x_wconf 83' lang='lat' dir='ltr'>quod,</span> <span class='ocrx_word' id='word_1_16' title='bbox 636 1027 812 1097; x_wconf 85' lang='lat' dir='ltr'>postquam</span> <span class='ocrx_word' id='word_1_17' title='bbox 834 1012 983 1074; x_wconf 82' lang='lat' dir='ltr'>Wouaun</span> <span class='ocrx_word' id='word_1_18' title='bbox 1008 1013 1089 1076; x_wconf 85' lang='lat' dir='ltr'>cirea</span> <span class='ocrx_word' id='word_1_19' title='bbox 1113 1012 1250 1076; x_wconf 88' lang='lat' dir='ltr'>thoracis</span> <span class='ocrx_word' id='word_1_20' title='bbox 1274 1013 1512 1080; x_wconf 79' lang='lat' dir='ltr'>formationem&#39;</span> <span class='ocrx_word' id='word_1_21' title='bbox 1531 1019 1730 1081; x_wconf 86' lang='lat' dir='ltr'>sententiam</span> <span class='ocrx_word' id='word_1_22' title='bbox 1750 1020 1907 1102; x_wconf 87' lang='lat' dir='ltr'>attulerat,</span> <span class='ocrx_word' id='word_1_23' title='bbox 1925 1025 1999 1090; x_wconf 76' lang='lat' dir='ltr'>Me..</span> 
     </span>
     <span class='ocr_line' id='line_1_4' title="bbox 268 1117 1995 1220; baseline 0.001 -19"><span class='ocrx_word' id='word_1_24' title='bbox 268 1157 368 1204; x_wconf 79' lang='lat' dir='ltr'>naam</span> <span class='ocrx_word' id='word_1_25' title='bbox 389 1139 652 1214; x_wconf 78' lang='lat' dir='ltr'>observationem</span> <span class='ocrx_word' id='word_1_26' title='bbox 674 1132 721 1210; x_wconf 56' lang='grc' dir='ltr'>(ᾗ.</span> <span class='ocrx_word' id='word_1_27' title='bbox 735 1139 807 1208; x_wconf 74' lang='lat'>27.)</span> <span class='ocrx_word' id='word_1_28' title='bbox 825 1127 1013 1192; x_wconf 78' lang='lat' dir='ltr'>adtentione</span> <span class='ocrx_word' id='word_1_29' title='bbox 1027 1131 1256 1214; x_wconf 72' lang='lat' dir='ltr'>dignissimam</span> <span class='ocrx_word' id='word_1_30' title='bbox 1271 1117 1413 1208; x_wconf 57' lang='lat' dir='ltr'>vocant.</span> <span class='ocrx_word' id='word_1_31' title='bbox 1440 1135 1472 1212; x_wconf 86' lang='lat'>¹)</span> <span class='ocrx_word' id='word_1_32' title='bbox 1494 1147 1590 1216; x_wconf 88' lang='lat' dir='ltr'>atque</span> <span class='ocrx_word' id='word_1_33' title='bbox 1612 1135 1690 1199; x_wconf 87' lang='lat' dir='ltr'>huic</span> <span class='ocrx_word' id='word_1_34' title='bbox 1710 1138 1799 1217; x_wconf 75' lang='lat' dir='ltr'>msui</span> <span class='ocrx_word' id='word_1_35' title='bbox 1811 1139 1920 1220; x_wconf 77' lang='lat' dir='ltr'>¹alium</span> <span class='ocrx_word' id='word_1_36' title='bbox 1939 1163 1995 1208; x_wconf 87' lang='lat' dir='ltr'>no·</span> 
     </span>
     <span class='ocr_line' id='line_1_5' title="bbox 268 1240 2005 1340; baseline 0 -20"><span class='ocrx_word' id='word_1_37' title='bbox 268 1258 439 1320; x_wconf 83' lang='lat' dir='ltr'>tissimum</span> <span class='ocrx_word' id='word_1_38' title='bbox 461 1256 630 1340; x_wconf 85' lang='lat' dir='ltr'>opposuit,</span> <span class='ocrx_word' id='word_1_39' title='bbox 650 1249 712 1314; x_wconf 90' lang='lat' dir='ltr'>rabi</span> <span class='ocrx_word' id='word_1_40' title='bbox 733 1250 769 1313; x_wconf 89' lang='lat' dir='ltr'>in</span> <span class='ocrx_word' id='word_1_41' title='bbox 793 1249 865 1310; x_wconf 74' lang='lat' dir='ltr'>niro</span> <span class='ocrx_word' id='word_1_42' title='bbox 884 1247 1134 1334; x_wconf 78' lang='lat' dir='ltr'>quadragenario</span> <span class='ocrx_word' id='word_1_43' title='bbox 1154 1248 1373 1330; x_wconf 87' lang='lat' dir='ltr'>pericardiuru</span> <span class='ocrx_word' id='word_1_44' title='bbox 1397 1253 1536 1317; x_wconf 84' lang='lat' dir='ltr'>omnino</span> <span class='ocrx_word' id='word_1_45' title='bbox 1559 1253 1796 1320; x_wconf 72' lang='lat' dir='ltr'>desiderabatur</span> <span class='ocrx_word' id='word_1_46' title='bbox 1813 1258 1855 1328; x_wconf 77' lang='lat'>²).</span> <span class='ocrx_word' id='word_1_47' title='bbox 1873 1240 2005 1330; x_wconf 52' lang='lat' dir='ltr'>Vernus</span> 
     </span>
     <span class='ocr_line' id='line_1_6' title="bbox 265 1365 1999 1462; baseline 0.002 -26"><span class='ocrx_word' id='word_1_48' title='bbox 265 1375 420 1454; x_wconf 81' lang='lat' dir='ltr'>nullaex</span> <span class='ocrx_word' id='word_1_49' title='bbox 440 1373 567 1436; x_wconf 88' lang='lat' dir='ltr'>duabus</span> <span class='ocrx_word' id='word_1_50' title='bbox 586 1371 698 1434; x_wconf 84' lang='lat' dir='ltr'>solnm</span> <span class='ocrx_word' id='word_1_51' title='bbox 720 1365 999 1430; x_wconf 85' lang='lat' dir='ltr'>observationibus</span> <span class='ocrx_word' id='word_1_52' title='bbox 1022 1367 1187 1428; x_wconf 88' lang='lat' dir='ltr'>conclusio</span> <span class='ocrx_word' id='word_1_53' title='bbox 1210 1367 1374 1432; x_wconf 87' lang='lat' dir='ltr'>rationalia</span> <span class='ocrx_word' id='word_1_54' title='bbox 1396 1371 1465 1432; x_wconf 81' lang='lat' dir='ltr'>fieri</span> <span class='ocrx_word' id='word_1_55' title='bbox 1484 1384 1600 1453; x_wconf 61' lang='lat' dir='ltr'>potest</span> <span class='ocrx_word' id='word_1_56' title='bbox 1620 1385 1783 1453; x_wconf 83' lang='lat' dir='ltr'>praeterea</span> <span class='ocrx_word' id='word_1_57' title='bbox 1804 1396 1935 1462; x_wconf 84' lang='lat' dir='ltr'>quoque</span> <span class='ocrx_word' id='word_1_58' title='bbox 1958 1403 1999 1450; x_wconf 63' lang='lat' dir='ltr'>a:</span> 
     </span>
     <span class='ocr_line' id='line_1_7' title="bbox 266 1485 1998 1566; baseline 0 -10"><span class='ocrx_word' id='word_1_59' title='bbox 266 1503 410 1556; x_wconf 85' lang='lat' dir='ltr'>accurata</span> <span class='ocrx_word' id='word_1_60' title='bbox 429 1493 586 1553; x_wconf 84' lang='lat' dir='ltr'>omniurn</span> <span class='ocrx_word' id='word_1_61' title='bbox 614 1505 751 1550; x_wconf 78' lang='lat' dir='ltr'>metrum</span> <span class='ocrx_word' id='word_1_62' title='bbox 774 1486 1016 1566; x_wconf 88' lang='lat' dir='ltr'>comparatione</span> <span class='ocrx_word' id='word_1_63' title='bbox 1036 1496 1133 1566; x_wconf 88' lang='lat' dir='ltr'>patet,</span> <span class='ocrx_word' id='word_1_64' title='bbox 1155 1485 1241 1546; x_wconf 89' lang='lat' dir='ltr'>inter</span> <span class='ocrx_word' id='word_1_65' title='bbox 1263 1487 1431 1566; x_wconf 82' lang='lat' dir='ltr'>pericardii</span> <span class='ocrx_word' id='word_1_66' title='bbox 1454 1501 1486 1550; x_wconf 90' lang='lat' dir='ltr'>et</span> <span class='ocrx_word' id='word_1_67' title='bbox 1508 1487 1646 1552; x_wconf 87' lang='lat' dir='ltr'>thoracis</span> <span class='ocrx_word' id='word_1_68' title='bbox 1666 1487 1904 1562; x_wconf 84' lang='lat' dir='ltr'>formationem</span> <span class='ocrx_word' id='word_1_69' title='bbox 1923 1503 1998 1566; x_wconf 87' lang='lat' dir='ltr'>nul.</span> 
     </span>
     <span class='ocr_line' id='line_1_8' title="bbox 267 1601 1998 1696; baseline 0.006 -24"><span class='ocrx_word' id='word_1_70' title='bbox 267 1609 336 1672; x_wconf 84' lang='lat' dir='ltr'>lacu</span> <span class='ocrx_word' id='word_1_71' title='bbox 354 1609 615 1672; x_wconf 83' lang='lat' dir='ltr'>vicissitudinem</span> <span class='ocrx_word' id='word_1_72' title='bbox 635 1607 807 1668; x_wconf 83' lang='lat' dir='ltr'>interesse:</span> <span class='ocrx_word' id='word_1_73' title='bbox 830 1615 908 1664; x_wconf 85' lang='lat' dir='ltr'>sont</span> <span class='ocrx_word' id='word_1_74' title='bbox 931 1605 1024 1666; x_wconf 85' lang='lat' dir='ltr'>enim</span> <span class='ocrx_word' id='word_1_75' title='bbox 1044 1601 1203 1686; x_wconf 86' lang='lat' dir='ltr'>exempla,</span> <span class='ocrx_word' id='word_1_76' title='bbox 1222 1604 1396 1686; x_wconf 83' lang='lat' dir='ltr'>inquibus</span> <span class='ocrx_word' id='word_1_77' title='bbox 1418 1609 1518 1672; x_wconf 86' lang='lat' dir='ltr'>sterni</span> <span class='ocrx_word' id='word_1_78' title='bbox 1537 1608 1701 1673; x_wconf 86' lang='lat' dir='ltr'>mutilatio</span> <span class='ocrx_word' id='word_1_79' title='bbox 1725 1630 1804 1674; x_wconf 86' lang='lat' dir='ltr'>curn</span> <span class='ocrx_word' id='word_1_80' title='bbox 1825 1617 1998 1696; x_wconf 84' lang='lat' dir='ltr'>pericardii</span> 
     </span>
     <span class='ocr_line' id='line_1_9' title="bbox 269 1721 1997 1810; baseline 0.004 -18"><span class='ocrx_word' id='word_1_81' title='bbox 269 1727 399 1792; x_wconf 84' lang='lat' dir='ltr'>delectu</span> <span class='ocrx_word' id='word_1_82' title='bbox 419 1726 594 1807; x_wconf 79' lang='lat' dir='ltr'>conjuncta</span> <span class='ocrx_word' id='word_1_83' title='bbox 609 1737 687 1806; x_wconf 56' lang='lat' dir='ltr'>ost,⁸</span> <span class='ocrx_word' id='word_1_84' title='bbox 706 1723 846 1805; x_wconf 82' lang='lat' dir='ltr'>aliaque,</span> <span class='ocrx_word' id='word_1_85' title='bbox 869 1721 905 1782; x_wconf 91' lang='lat' dir='ltr'>in</span> <span class='ocrx_word' id='word_1_86' title='bbox 932 1721 1051 1800; x_wconf 84' lang='lat' dir='ltr'>quibus</span> <span class='ocrx_word' id='word_1_87' title='bbox 1073 1721 1199 1804; x_wconf 81' lang='lat' dir='ltr'>integro</span> <span class='ocrx_word' id='word_1_88' title='bbox 1221 1723 1350 1786; x_wconf 80' lang='lat' dir='ltr'>thorace</span> <span class='ocrx_word' id='word_1_89' title='bbox 1370 1725 1590 1806; x_wconf 87' lang='lat' dir='ltr'>pericardiom</span> <span class='ocrx_word' id='word_1_90' title='bbox 1610 1745 1665 1790; x_wconf 91' lang='lat' dir='ltr'>cor</span> <span class='ocrx_word' id='word_1_91' title='bbox 1684 1743 1878 1810; x_wconf 85' lang='lat' dir='ltr'>protruaum</span> <span class='ocrx_word' id='word_1_92' title='bbox 1905 1737 1997 1804; x_wconf 75' lang='lat' dir='ltr'>obte-</span> 
     </span>
     <span class='ocr_line' id='line_1_10' title="bbox 266 1839 1998 1943; baseline 0.005 -34"><span class='ocrx_word' id='word_1_93' title='bbox 266 1847 371 1934; x_wconf 80' lang='lat' dir='ltr'>gebat.</span> <span class='ocrx_word' id='word_1_94' title='bbox 414 1845 590 1926; x_wconf 86' lang='lat' dir='ltr'>Utriusque</span> <span class='ocrx_word' id='word_1_95' title='bbox 619 1844 717 1926; x_wconf 77' lang='lat' dir='ltr'>igitur</span> <span class='ocrx_word' id='word_1_96' title='bbox 749 1839 846 1921; x_wconf 88' lang='lat' dir='ltr'>partia</span> <span class='ocrx_word' id='word_1_97' title='bbox 873 1857 1028 1902; x_wconf 88' lang='lat' dir='ltr'>anancam</span> <span class='ocrx_word' id='word_1_98' title='bbox 1048 1852 1143 1920; x_wconf 86' lang='lat' dir='ltr'>atque</span> <span class='ocrx_word' id='word_1_99' title='bbox 1171 1841 1399 1926; x_wconf 77' lang='lat' dir='ltr'>imperfectam</span> <span class='ocrx_word' id='word_1_100' title='bbox 1418 1843 1644 1908; x_wconf 88' lang='lat' dir='ltr'>evolutionem</span> <span class='ocrx_word' id='word_1_101' title='bbox 1667 1845 1707 1908; x_wconf 88' lang='lat' dir='ltr'>ab</span> <span class='ocrx_word' id='word_1_102' title='bbox 1730 1865 1797 1912; x_wconf 84' lang='lat' dir='ltr'>una</span> <span class='ocrx_word' id='word_1_103' title='bbox 1817 1851 1998 1943; x_wconf 80' lang='lat' dir='ltr'>eademque</span> 
     </span>
     <span class='ocr_line' id='line_1_11' title="bbox 267 1955 1693 2046; baseline -0.003 -18"><span class='ocrx_word' id='word_1_104' title='bbox 267 1981 387 2040; x_wconf 74' lang='lat' dir='ltr'>cauam,</span> <span class='ocrx_word' id='word_1_105' title='bbox 408 1964 533 2046; x_wconf 87' lang='lat' dir='ltr'>primae</span> <span class='ocrx_word' id='word_1_106' title='bbox 553 1961 673 2028; x_wconf 83' lang='lat' dir='ltr'>scilicet</span> <span class='ocrx_word' id='word_1_107' title='bbox 695 1955 899 2024; x_wconf 77' lang='lat' dir='ltr'>tosmsuonts</span> <span class='ocrx_word' id='word_1_108' title='bbox 917 1956 1158 2042; x_wconf 86' lang='lat' dir='ltr'>impedimento</span> <span class='ocrx_word' id='word_1_109' title='bbox 1179 1958 1392 2040; x_wconf 83' lang='lat' dir='ltr'>repetendam</span> <span class='ocrx_word' id='word_1_110' title='bbox 1415 1979 1503 2042; x_wconf 80' lang='lat' dir='ltr'>esse,</span> <span class='ocrx_word' id='word_1_111' title='bbox 1530 1962 1693 2032; x_wconf 74' lang='lat' dir='ltr'>exisdmo.</span> 
     </span>
    </p>
   </div>
   <div class='ocr_carea' id='block_1_3' title="bbox 1059 2227 1196 2340">
    <p class='ocr_par' dir='ltr' id='par_1_3' title="bbox 1059 2227 1196 2340">
     <span class='ocr_line' id='line_1_12' title="bbox 1059 2227 1196 2340; baseline 0.022 -3"><span class='ocrx_word' id='word_1_112' title='bbox 1059 2255 1091 2337; x_wconf 82' lang='lat' dir='ltr'>s.</span> <span class='ocrx_word' id='word_1_113' title='bbox 1144 2227 1196 2340; x_wconf 62' lang='grc' dir='ltr'>ἀι.</span> 
     </span>
    </p>
   </div>
   <div class='ocr_carea' id='block_1_4' title="bbox 217 2426 1997 4406">
    <p class='ocr_par' dir='ltr' id='par_1_4' title="bbox 224 2426 1996 3106">
     <span class='ocr_line' id='line_1_13' title="bbox 354 2426 1996 2517; baseline 0.007 -20"><span class='ocrx_word' id='word_1_114' title='bbox 354 2433 430 2498; x_wconf 84' lang='lat' dir='ltr'>Pari</span> <span class='ocrx_word' id='word_1_115' title='bbox 449 2429 551 2496; x_wconf 90' lang='lat' dir='ltr'>modo</span> <span class='ocrx_word' id='word_1_116' title='bbox 572 2429 674 2496; x_wconf 89' lang='lat' dir='ltr'>etiam</span> <span class='ocrx_word' id='word_1_117' title='bbox 696 2427 801 2493; x_wconf 85' lang='lat' dir='ltr'>cordis</span> <span class='ocrx_word' id='word_1_118' title='bbox 818 2428 964 2514; x_wconf 88' lang='lat' dir='ltr'>protrusi</span> <span class='ocrx_word' id='word_1_119' title='bbox 983 2426 1154 2492; x_wconf 80' lang='lat' dir='ltr'>inclinatio</span> <span class='ocrx_word' id='word_1_120' title='bbox 1174 2447 1193 2490; x_wconf 85' lang='lat' dir='ltr'>a</span> <span class='ocrx_word' id='word_1_121' title='bbox 1214 2426 1356 2492; x_wconf 86' lang='lat' dir='ltr'>naturali</span> <span class='ocrx_word' id='word_1_122' title='bbox 1378 2427 1484 2496; x_wconf 89' lang='lat' dir='ltr'>aliena</span> <span class='ocrx_word' id='word_1_123' title='bbox 1509 2430 1661 2514; x_wconf 84' lang='lat' dir='ltr'>explicari</span> <span class='ocrx_word' id='word_1_124' title='bbox 1681 2451 1775 2517; x_wconf 87' lang='lat' dir='ltr'>poste</span> <span class='ocrx_word' id='word_1_125' title='bbox 1797 2437 1883 2504; x_wconf 89' lang='lat' dir='ltr'>mihi</span> <span class='ocrx_word' id='word_1_126' title='bbox 1904 2441 1996 2510; x_wconf 83' lang='lat' dir='ltr'>vide·</span> 
     </span>
     <span class='ocr_line' id='line_1_14' title="bbox 269 2544 1994 2646; baseline 0.025 -28"><span class='ocrx_word' id='word_1_127' title='bbox 269 2565 341 2634; x_wconf 61' lang='lat' dir='ltr'>luri</span> <span class='ocrx_word' id='word_1_128' title='bbox 360 2553 573 2614; x_wconf 81' lang='lat' dir='ltr'>observarunt</span> <span class='ocrx_word' id='word_1_129' title='bbox 592 2551 760 2618; x_wconf 74' lang='lat' dir='ltr'>nimirum</span> <span class='ocrx_word' id='word_1_130' title='bbox 781 2544 937 2609; x_wconf 66' lang='lat' dir='ltr'>nonnum</span> <span class='ocrx_word' id='word_1_131' title='bbox 958 2545 1130 2610; x_wconf 61' lang='lat' dir='ltr'>“mulum</span> <span class='ocrx_word' id='word_1_132' title='bbox 1149 2547 1237 2628; x_wconf 69' lang='lat' dir='ltr'>aPico</span> <span class='ocrx_word' id='word_1_133' title='bbox 1258 2559 1448 2612; x_wconf 56' lang='lat' dir='ltr'><strong>”nmmum</strong></span> <span class='ocrx_word' id='word_1_134' title='bbox 1470 2562 1652 2646; x_wconf 36' lang='lat' dir='ltr'>‘paim’</span> <span class='ocrx_word' id='word_1_135' title='bbox 1681 2552 1735 2616; x_wconf 52' lang='lat'>²¹5</span> <span class='ocrx_word' id='word_1_136' title='bbox 1761 2575 1842 2621; x_wconf 56' lang='grc' dir='ltr'>νοω</span> <span class='ocrx_word' id='word_1_137' title='bbox 1857 2560 1897 2620; x_wconf 63' lang='lat' dir='ltr'>&#39;d</span> <span class='ocrx_word' id='word_1_138' title='bbox 1917 2581 1994 2644; x_wconf 47' lang='grc' dir='ltr'>ΡΨ</span> 
     </span>
     <span class='ocr_line' id='line_1_15' title="bbox 224 2661 1995 2760; baseline 0.016 -46"><span class='ocrx_word' id='word_1_139' title='bbox 224 2722 228 2732; x_wconf 46' lang='grc'><em>,</em></span> <span class='ocrx_word' id='word_1_140' title='bbox 266 2669 483 2752; x_wconf 54' lang='lat' dir='ltr'>pendiculum</span> <span class='ocrx_word' id='word_1_141' title='bbox 503 2667 666 2750; x_wconf 87' lang='lat' dir='ltr'>pendens.</span> <span class='ocrx_word' id='word_1_142' title='bbox 710 2663 851 2744; x_wconf 76' lang='lat' dir='ltr'>Utraque</span> <span class='ocrx_word' id='word_1_143' title='bbox 870 2661 1037 2726; x_wconf 82' lang='lat' dir='ltr'>inclinatio</span> <span class='ocrx_word' id='word_1_144' title='bbox 1058 2663 1095 2724; x_wconf 90' lang='lat' dir='ltr'>in</span> <span class='ocrx_word' id='word_1_145' title='bbox 1117 2665 1296 2726; x_wconf 86' lang='lat' dir='ltr'>tenerrimo</span> <span class='ocrx_word' id='word_1_146' title='bbox 1318 2665 1499 2746; x_wconf 85' lang='lat' dir='ltr'>embryone</span> <span class='ocrx_word' id='word_1_147' title='bbox 1521 2669 1669 2730; x_wconf 88' lang='lat' dir='ltr'>occurrit.</span> <span class='ocrx_word' id='word_1_148' title='bbox 1693 2669 1730 2750; x_wconf 77' lang='lat'>¹³)</span> <span class='ocrx_word' id='word_1_149' title='bbox 1751 2702 1793 2722; x_wconf 89' lang='lat'>·-</span> <span class='ocrx_word' id='word_1_150' title='bbox 1816 2673 1913 2760; x_wconf 82' lang='lat' dir='ltr'>Quod</span> <span class='ocrx_word' id='word_1_151' title='bbox 1926 2675 1995 2742; x_wconf 80' lang='lat' dir='ltr'>for-</span> 
     </span>
     <span class='ocr_line' id='line_1_16' title="bbox 266 2781 1995 2868; baseline 0.008 -21"><span class='ocrx_word' id='word_1_152' title='bbox 266 2806 361 2852; x_wconf 88' lang='lat' dir='ltr'>mam</span> <span class='ocrx_word' id='word_1_153' title='bbox 385 2785 488 2850; x_wconf 88' lang='lat' dir='ltr'>cordis</span> <span class='ocrx_word' id='word_1_154' title='bbox 510 2797 679 2851; x_wconf 80' lang='lat' dir='ltr'>externam</span> <span class='ocrx_word' id='word_1_155' title='bbox 700 2783 827 2857; x_wconf 87' lang='lat' dir='ltr'>attinet,</span> <span class='ocrx_word' id='word_1_156' title='bbox 851 2781 952 2860; x_wconf 87' lang='lat' dir='ltr'>hujus</span> <span class='ocrx_word' id='word_1_157' title='bbox 973 2781 1224 2863; x_wconf 80' lang='lat' dir='ltr'>descriptionem</span> <span class='ocrx_word' id='word_1_158' title='bbox 1245 2783 1382 2865; x_wconf 89' lang='lat' dir='ltr'>plurimi</span> <span class='ocrx_word' id='word_1_159' title='bbox 1404 2797 1550 2846; x_wconf 88' lang='lat' dir='ltr'>auctores</span> <span class='ocrx_word' id='word_1_160' title='bbox 1572 2802 1703 2866; x_wconf 87' lang='lat' dir='ltr'>prorsus</span> <span class='ocrx_word' id='word_1_161' title='bbox 1718 2792 1919 2868; x_wconf 77' lang='lat' dir='ltr'>omiseruntr</span> <span class='ocrx_word' id='word_1_162' title='bbox 1938 2815 1995 2862; x_wconf 86' lang='lat' dir='ltr'>na·</span> 
     </span>
     <span class='ocr_line' id='line_1_17' title="bbox 266 2899 1994 2996; baseline 0.011 -36"><span class='ocrx_word' id='word_1_163' title='bbox 266 2904 408 2970; x_wconf 79' lang='lat' dir='ltr'>ruralem</span> <span class='ocrx_word' id='word_1_164' title='bbox 431 2902 531 2966; x_wconf 79' lang='lat' dir='ltr'>irrisae</span> <span class='ocrx_word' id='word_1_165' title='bbox 554 2903 800 2972; x_wconf 80' lang='lat' dir='ltr'>Vavaouttasvs,</span> <span class='ocrx_word' id='word_1_166' title='bbox 820 2899 1021 2978; x_wconf 79' lang='lat' dir='ltr'>Scuvczrve,</span> <span class='ocrx_word' id='word_1_167' title='bbox 1043 2901 1289 2964; x_wconf 80' lang='lat' dir='ltr'>Mavcssanurvs</span> <span class='ocrx_word' id='word_1_168' title='bbox 1311 2913 1343 2963; x_wconf 91' lang='lat' dir='ltr'>et</span> <span class='ocrx_word' id='word_1_169' title='bbox 1364 2902 1588 2965; x_wconf 82' lang='lat' dir='ltr'>Manrrnazrve</span> <span class='ocrx_word' id='word_1_170' title='bbox 1617 2915 1793 2982; x_wconf 86' lang='lat' dir='ltr'>testantur;</span> <span class='ocrx_word' id='word_1_171' title='bbox 1822 2910 1994 2996; x_wconf 82' lang='lat' dir='ltr'>globosam</span> 
     </span>
     <span class='ocr_line' id='line_1_18' title="bbox 265 3017 1996 3106; baseline 0.006 -23"><span class='ocrx_word' id='word_1_172' title='bbox 265 3037 362 3106; x_wconf 82' lang='lat' dir='ltr'>atque</span> <span class='ocrx_word' id='word_1_173' title='bbox 376 3022 619 3103; x_wconf 84' lang='lat' dir='ltr'>complanatam</span> <span class='ocrx_word' id='word_1_174' title='bbox 630 3019 829 3095; x_wconf 81' lang='lat' dir='ltr'>Drvrrcanvs,</span> <span class='ocrx_word' id='word_1_175' title='bbox 855 3017 1075 3082; x_wconf 72' lang='lat' dir='ltr'>Sannmonrve</span> <span class='ocrx_word' id='word_1_176' title='bbox 1100 3031 1132 3080; x_wconf 88' lang='lat' dir='ltr'>et</span> <span class='ocrx_word' id='word_1_177' title='bbox 1152 3018 1365 3084; x_wconf 76' lang='lat' dir='ltr'>Bvuurnunrs</span> <span class='ocrx_word' id='word_1_178' title='bbox 1386 3020 1614 3104; x_wconf 84' lang='lat' dir='ltr'>observarunt;</span> <span class='ocrx_word' id='word_1_179' title='bbox 1636 3023 1916 3096; x_wconf 77' lang='lat' dir='ltr'>Hranrnwotrrve</span> <span class='ocrx_word' id='word_1_180' title='bbox 1937 3051 1996 3094; x_wconf 84' lang='lat' dir='ltr'>ve·</span> 
     </span>
    </p>

    <p class='ocr_par' dir='ltr' id='par_1_5' title="bbox 217 3134 1997 3442">
     <span class='ocr_line' id='line_1_19' title="bbox 265 3134 1994 3228; baseline 0.008 -27"><span class='ocrx_word' id='word_1_181' title='bbox 265 3163 304 3208; x_wconf 83' lang='lat' dir='ltr'>ro</span> <span class='ocrx_word' id='word_1_182' title='bbox 322 3160 376 3204; x_wconf 87' lang='lat' dir='ltr'>cor</span> <span class='ocrx_word' id='word_1_183' title='bbox 397 3139 538 3202; x_wconf 82' lang='lat' dir='ltr'>bifidum</span> <span class='ocrx_word' id='word_1_184' title='bbox 552 3137 644 3212; x_wconf 85' lang='lat' dir='ltr'>vidit,</span> <span class='ocrx_word' id='word_1_185' title='bbox 665 3135 759 3218; x_wconf 84' lang='lat' dir='ltr'>quale</span> <span class='ocrx_word' id='word_1_186' title='bbox 783 3137 817 3196; x_wconf 91' lang='lat' dir='ltr'>in</span> <span class='ocrx_word' id='word_1_187' title='bbox 834 3134 927 3218; x_wconf 89' lang='lat' dir='ltr'>pullo</span> <span class='ocrx_word' id='word_1_188' title='bbox 945 3136 1099 3228; x_wconf 74' lang='lat' dir='ltr'>incubato</span> <span class='ocrx_word' id='word_1_189' title='bbox 1114 3136 1154 3199; x_wconf 94' lang='lat' dir='ltr'>ab</span> <span class='ocrx_word' id='word_1_190' title='bbox 1170 3137 1344 3211; x_wconf 79' lang='lat' dir='ltr'>Hacuano,</span> <span class='ocrx_word' id='word_1_191' title='bbox 1365 3137 1400 3212; x_wconf 82' lang='lat'>⁴)</span> <span class='ocrx_word' id='word_1_192' title='bbox 1421 3149 1516 3218; x_wconf 87' lang='lat' dir='ltr'>atque</span> <span class='ocrx_word' id='word_1_193' title='bbox 1539 3139 1574 3202; x_wconf 89' lang='lat' dir='ltr'>in</span> <span class='ocrx_word' id='word_1_194' title='bbox 1595 3139 1666 3202; x_wconf 79' lang='lat' dir='ltr'>fetu</span> <span class='ocrx_word' id='word_1_195' title='bbox 1681 3141 1830 3208; x_wconf 85' lang='lat' dir='ltr'>humano</span> <span class='ocrx_word' id='word_1_196' title='bbox 1854 3161 1888 3210; x_wconf 91' lang='lat' dir='ltr'>et</span> <span class='ocrx_word' id='word_1_197' title='bbox 1906 3152 1994 3216; x_wconf 85' lang='lat' dir='ltr'>cervi</span> 
     </span>
     <span class='ocr_line' id='line_1_20' title="bbox 217 3224 1997 3354; baseline 0.008 -34"><span class='ocrx_word' id='word_1_198' title='bbox 217 3224 220 3232; x_wconf 71' lang='lat'><em>,</em></span> <span class='ocrx_word' id='word_1_199' title='bbox 268 3261 394 3322; x_wconf 85' lang='lat' dir='ltr'>Damae</span> <span class='ocrx_word' id='word_1_200' title='bbox 415 3259 454 3320; x_wconf 88' lang='lat' dir='ltr'>ab</span> <span class='ocrx_word' id='word_1_201' title='bbox 476 3256 614 3318; x_wconf 80' lang='lat' dir='ltr'>Hsnvco</span> <span class='ocrx_word' id='word_1_202' title='bbox 640 3253 671 3332; x_wconf 83' lang='lat'>5)</span> <span class='ocrx_word' id='word_1_203' title='bbox 693 3253 962 3336; x_wconf 80' lang='lat' dir='ltr'>conspiciebatur.</span> <span class='ocrx_word' id='word_1_204' title='bbox 1005 3254 1146 3336; x_wconf 89' lang='lat' dir='ltr'>Utraque</span> <span class='ocrx_word' id='word_1_205' title='bbox 1169 3254 1275 3318; x_wconf 88' lang='lat' dir='ltr'>cordis</span> <span class='ocrx_word' id='word_1_206' title='bbox 1303 3254 1410 3316; x_wconf 72' lang='lat' dir='ltr'>terina</span> <span class='ocrx_word' id='word_1_207' title='bbox 1438 3255 1475 3316; x_wconf 90' lang='lat' dir='ltr'>in</span> <span class='ocrx_word' id='word_1_208' title='bbox 1502 3257 1699 3350; x_wconf 80' lang='lat' dir='ltr'>quibusdam</span> <span class='ocrx_word' id='word_1_209' title='bbox 1719 3264 1917 3330; x_wconf 82' lang='lat' dir='ltr'>animalibus</span> <span class='ocrx_word' id='word_1_210' title='bbox 1938 3287 1997 3354; x_wconf 85' lang='lat' dir='ltr'>per</span> 
     </span>
     <span class='ocr_line' id='line_1_21' title="bbox 267 3372 837 3442; baseline -0.014 -2"><span class='ocrx_word' id='word_1_211' title='bbox 267 3393 408 3442; x_wconf 84' lang='lat' dir='ltr'>omnem</span> <span class='ocrx_word' id='word_1_212' title='bbox 427 3378 531 3438; x_wconf 77' lang='lat' dir='ltr'>uitam</span> <span class='ocrx_word' id='word_1_213' title='bbox 553 3391 723 3436; x_wconf 84' lang='lat' dir='ltr'>remanere</span> <span class='ocrx_word' id='word_1_214' title='bbox 746 3372 837 3434; x_wconf 87' lang='lat' dir='ltr'>solet.</span> 
     </span>
    </p>

    <p class='ocr_par' dir='ltr' id='par_1_6' title="bbox 254 3489 1995 4406">
     <span class='ocr_line' id='line_1_22' title="bbox 348 3489 1995 3575; baseline 0.007 -17"><span class='ocrx_word' id='word_1_215' title='bbox 348 3499 478 3558; x_wconf 87' lang='lat' dir='ltr'>lnterna</span> <span class='ocrx_word' id='word_1_216' title='bbox 500 3493 604 3556; x_wconf 86' lang='lat' dir='ltr'>cordis</span> <span class='ocrx_word' id='word_1_217' title='bbox 621 3491 834 3575; x_wconf 82' lang='lat' dir='ltr'>perscrutatio</span> <span class='ocrx_word' id='word_1_218' title='bbox 856 3491 896 3553; x_wconf 88' lang='lat' dir='ltr'>ab</span> <span class='ocrx_word' id='word_1_219' title='bbox 917 3489 1076 3554; x_wconf 89' lang='lat' dir='ltr'>omnibus</span> <span class='ocrx_word' id='word_1_220' title='bbox 1099 3489 1166 3554; x_wconf 85' lang='lat' dir='ltr'>iere</span> <span class='ocrx_word' id='word_1_221' title='bbox 1187 3491 1309 3554; x_wconf 88' lang='lat' dir='ltr'>omissa</span> <span class='ocrx_word' id='word_1_222' title='bbox 1325 3503 1385 3554; x_wconf 88' lang='lat' dir='ltr'>eat.</span> <span class='ocrx_word' id='word_1_223' title='bbox 1437 3491 1664 3557; x_wconf 73' lang='lat' dir='ltr'>Mantineam</span> <span class='ocrx_word' id='word_1_224' title='bbox 1690 3511 1724 3561; x_wconf 92' lang='lat' dir='ltr'>et</span> <span class='ocrx_word' id='word_1_225' title='bbox 1748 3498 1995 3570; x_wconf 81' lang='lat' dir='ltr'>Mavctranorve</span> 
     </span>
     <span class='ocr_line' id='line_1_23' title="bbox 265 3607 1995 3705; baseline 0.008 -32"><span class='ocrx_word' id='word_1_226' title='bbox 265 3611 326 3676; x_wconf 87' lang='lat' dir='ltr'>soli</span> <span class='ocrx_word' id='word_1_227' title='bbox 347 3622 547 3674; x_wconf 86' lang='lat' dir='ltr'>structuram</span> <span class='ocrx_word' id='word_1_228' title='bbox 568 3607 668 3686; x_wconf 85' lang='lat' dir='ltr'>hujus</span> <span class='ocrx_word' id='word_1_229' title='bbox 688 3609 818 3669; x_wconf 87' lang='lat' dir='ltr'>visceris</span> <span class='ocrx_word' id='word_1_230' title='bbox 841 3607 1026 3670; x_wconf 87' lang='lat' dir='ltr'>seeundum</span> <span class='ocrx_word' id='word_1_231' title='bbox 1044 3609 1228 3672; x_wconf 86' lang='lat' dir='ltr'>naturalem</span> <span class='ocrx_word' id='word_1_232' title='bbox 1245 3607 1390 3671; x_wconf 88' lang='lat' dir='ltr'>modum</span> <span class='ocrx_word' id='word_1_233' title='bbox 1407 3625 1444 3670; x_wconf 85' lang='lat' dir='ltr'>ae</span> <span class='ocrx_word' id='word_1_234' title='bbox 1464 3608 1630 3673; x_wconf 83' lang='lat' dir='ltr'>invenisse</span> <span class='ocrx_word' id='word_1_235' title='bbox 1648 3614 1805 3696; x_wconf 81' lang='lat' dir='ltr'>scribunt.</span> <span class='ocrx_word' id='word_1_236' title='bbox 1837 3623 1882 3682; x_wconf 81' lang='lat' dir='ltr'>Ea</span> <span class='ocrx_word' id='word_1_237' title='bbox 1905 3641 1995 3705; x_wconf 79' lang='lat' dir='ltr'>veru,</span> 
     </span>
     <span class='ocr_line' id='line_1_24' title="bbox 266 3725 1994 3810; baseline 0.017 -33"><span class='ocrx_word' id='word_1_238' title='bbox 266 3749 348 3810; x_wconf 64' lang='lat' dir='ltr'>quse</span> <span class='ocrx_word' id='word_1_239' title='bbox 370 3729 498 3790; x_wconf 66' lang='lat' dir='ltr'>Menses</span> <span class='ocrx_word' id='word_1_240' title='bbox 517 3738 550 3791; x_wconf 92' lang='lat' dir='ltr'>et</span> <span class='ocrx_word' id='word_1_241' title='bbox 572 3725 765 3790; x_wconf 78' lang='lat' dir='ltr'>Grcrnunrvs</span> <span class='ocrx_word' id='word_1_242' title='bbox 788 3727 869 3786; x_wconf 90' lang='lat' dir='ltr'>circa</span> <span class='ocrx_word' id='word_1_243' title='bbox 891 3725 975 3790; x_wconf 86' lang='lat' dir='ltr'>hanc</span> <span class='ocrx_word' id='word_1_244' title='bbox 996 3747 1071 3789; x_wconf 88' lang='lat' dir='ltr'>rem</span> <span class='ocrx_word' id='word_1_245' title='bbox 1098 3730 1330 3802; x_wconf 79' lang='lat' dir='ltr'>observarunt,</span> <span class='ocrx_word' id='word_1_246' title='bbox 1358 3743 1478 3810; x_wconf 89' lang='lat' dir='ltr'>parum</span> <span class='ocrx_word' id='word_1_247' title='bbox 1499 3743 1643 3792; x_wconf 88' lang='lat' dir='ltr'>accurate</span> <span class='ocrx_word' id='word_1_248' title='bbox 1666 3745 1698 3794; x_wconf 88' lang='lat' dir='ltr'>et</span> <span class='ocrx_word' id='word_1_249' title='bbox 1718 3734 1823 3797; x_wconf 89' lang='lat' dir='ltr'>obiter</span> <span class='ocrx_word' id='word_1_250' title='bbox 1850 3755 1994 3806; x_wconf 85' lang='lat' dir='ltr'>enarrata</span> 
     </span>
     <span class='ocr_line' id='line_1_25' title="bbox 265 3841 1995 3932; baseline 0.008 -24"><span class='ocrx_word' id='word_1_251' title='bbox 265 3858 356 3922; x_wconf 85' lang='lat' dir='ltr'>eunt,</span> <span class='ocrx_word' id='word_1_252' title='bbox 377 3859 415 3908; x_wconf 92' lang='lat' dir='ltr'>ut</span> <span class='ocrx_word' id='word_1_253' title='bbox 435 3863 567 3928; x_wconf 83' lang='lat' dir='ltr'>prorsus</span> <span class='ocrx_word' id='word_1_254' title='bbox 589 3843 684 3905; x_wconf 88' lang='lat' dir='ltr'>omni</span> <span class='ocrx_word' id='word_1_255' title='bbox 707 3843 774 3905; x_wconf 82' lang='lat' dir='ltr'>fere</span> <span class='ocrx_word' id='word_1_256' title='bbox 793 3841 932 3905; x_wconf 84' lang='lat' dir='ltr'>utilitate</span> <span class='ocrx_word' id='word_1_257' title='bbox 954 3857 1095 3916; x_wconf 78' lang='lat' dir='ltr'>careant,</span> <span class='ocrx_word' id='word_1_258' title='bbox 1133 3844 1290 3906; x_wconf 79' lang='lat' dir='ltr'>Srunonre</span> <span class='ocrx_word' id='word_1_259' title='bbox 1309 3857 1422 3906; x_wconf 88' lang='lat' dir='ltr'>autem</span> <span class='ocrx_word' id='word_1_260' title='bbox 1445 3858 1571 3908; x_wconf 87' lang='lat' dir='ltr'>eortam</span> <span class='ocrx_word' id='word_1_261' title='bbox 1597 3866 1636 3908; x_wconf 85' lang='lat' dir='ltr'>ex</span> <span class='ocrx_word' id='word_1_262' title='bbox 1650 3861 1789 3932; x_wconf 88' lang='lat' dir='ltr'>utroque</span> <span class='ocrx_word' id='word_1_263' title='bbox 1813 3859 1995 3922; x_wconf 82' lang='lat' dir='ltr'>ventriculo</span> 
     </span>
     <span class='ocr_line' id='line_1_26' title="bbox 266 3959 1995 4048; baseline 0.009 -24"><span class='ocrx_word' id='word_1_264' title='bbox 266 3961 454 4039; x_wconf 87' lang='lat' dir='ltr'>oriundam,</span> <span class='ocrx_word' id='word_1_265' title='bbox 477 3963 618 4025; x_wconf 79' lang='lat' dir='ltr'>ductum</span> <span class='ocrx_word' id='word_1_266' title='bbox 638 3979 717 4022; x_wconf 86' lang='lat' dir='ltr'>vero</span> <span class='ocrx_word' id='word_1_267' title='bbox 739 3961 933 4020; x_wconf 86' lang='lat' dir='ltr'>arteriosurn</span> <span class='ocrx_word' id='word_1_268' title='bbox 959 3981 1090 4042; x_wconf 87' lang='lat' dir='ltr'>prorsus</span> <span class='ocrx_word' id='word_1_269' title='bbox 1112 3959 1246 4024; x_wconf 84' lang='lat' dir='ltr'>deficere</span> <span class='ocrx_word' id='word_1_270' title='bbox 1268 3961 1412 4042; x_wconf 76' lang='lat' dir='ltr'>invenit3</span> <span class='ocrx_word' id='word_1_271' title='bbox 1434 3961 1538 4023; x_wconf 88' lang='lat' dir='ltr'>eirnul</span> <span class='ocrx_word' id='word_1_272' title='bbox 1559 3966 1659 4026; x_wconf 88' lang='lat' dir='ltr'>etiam</span> <span class='ocrx_word' id='word_1_273' title='bbox 1679 3971 1903 4048; x_wconf 87' lang='lat' dir='ltr'>quaestionem</span> <span class='ocrx_word' id='word_1_274' title='bbox 1922 3997 1995 4040; x_wconf 86' lang='lat' dir='ltr'>rno-</span> 
     </span>
     <span class='ocr_line' id='line_1_27' title="bbox 266 4077 1995 4174; baseline 0.013 -38"><span class='ocrx_word' id='word_1_275' title='bbox 266 4093 333 4155; x_wconf 64' lang='grc' dir='ltr'>τοι,</span> <span class='ocrx_word' id='word_1_276' title='bbox 353 4100 394 4140; x_wconf 88' lang='lat' dir='ltr'>an</span> <span class='ocrx_word' id='word_1_277' title='bbox 415 4101 495 4143; x_wconf 88' lang='lat' dir='ltr'>curu</span> <span class='ocrx_word' id='word_1_278' title='bbox 517 4081 653 4144; x_wconf 81' lang='lat' dir='ltr'>thoracis</span> <span class='ocrx_word' id='word_1_279' title='bbox 675 4091 824 4160; x_wconf 88' lang='lat' dir='ltr'>apertura</span> <span class='ocrx_word' id='word_1_280' title='bbox 843 4097 974 4160; x_wconf 83' lang='lat' dir='ltr'>seurper</span> <span class='ocrx_word' id='word_1_281' title='bbox 992 4081 1032 4140; x_wconf 84' lang='lat' dir='ltr'>eit</span> <span class='ocrx_word' id='word_1_282' title='bbox 1055 4079 1229 4160; x_wconf 86' lang='lat' dir='ltr'>conjuncta</span> <span class='ocrx_word' id='word_1_283' title='bbox 1252 4077 1369 4140; x_wconf 83' lang='lat' dir='ltr'>similia</span> <span class='ocrx_word' id='word_1_284' title='bbox 1390 4080 1581 4143; x_wconf 87' lang='lat' dir='ltr'>arteriarum</span> <span class='ocrx_word' id='word_1_285' title='bbox 1607 4081 1734 4146; x_wconf 85' lang='lat' dir='ltr'>fabrica.</span> <span class='ocrx_word' id='word_1_286' title='bbox 1774 4089 1841 4174; x_wconf 83' lang='lat' dir='ltr'>Ego</span> <span class='ocrx_word' id='word_1_287' title='bbox 1858 4094 1995 4174; x_wconf 85' lang='lat' dir='ltr'>quidem</span> 
     </span>
     <span class='ocr_line' id='line_1_28' title="bbox 267 4194 1992 4297; baseline 0.008 -41"><span class='ocrx_word' id='word_1_288' title='bbox 267 4197 483 4260; x_wconf 84' lang='lat' dir='ltr'>vehementer</span> <span class='ocrx_word' id='word_1_289' title='bbox 506 4199 541 4259; x_wconf 89' lang='lat' dir='ltr'>in</span> <span class='ocrx_word' id='word_1_290' title='bbox 563 4197 645 4259; x_wconf 89' lang='lat' dir='ltr'>hanc</span> <span class='ocrx_word' id='word_1_291' title='bbox 661 4195 861 4260; x_wconf 84' lang='lat' dir='ltr'>sententiam</span> <span class='ocrx_word' id='word_1_292' title='bbox 883 4194 1024 4266; x_wconf 87' lang='lat' dir='ltr'>inclino:</span> <span class='ocrx_word' id='word_1_293' title='bbox 1048 4195 1132 4259; x_wconf 80' lang='lat' dir='ltr'>datu</span> <span class='ocrx_word' id='word_1_294' title='bbox 1154 4197 1496 4297; x_wconf 42' lang='lat' dir='ltr'>cordis‘ectopt&#39;opvel</span> <span class='ocrx_word' id='word_1_295' title='bbox 1518 4197 1617 4285; x_wconf 76' lang='lat' dir='ltr'>hujus</span> <span class='ocrx_word' id='word_1_296' title='bbox 1638 4202 1742 4281; x_wconf 80' lang='lat' dir='ltr'>r‘psr&#39;us</span> <span class='ocrx_word' id='word_1_297' title='bbox 1757 4208 1895 4270; x_wconf 80' lang='lat' dir='ltr'>visceris</span> <span class='ocrx_word' id='word_1_298' title='bbox 1915 4232 1992 4274; x_wconf 88' lang='lat' dir='ltr'>eon.</span> 
     </span>
     <span class='ocr_line' id='line_1_29' title="bbox 254 4289 1993 4406; baseline 0.014 -40"><span class='ocrx_word' id='word_1_299' title='bbox 254 4289 508 4402; x_wconf 61' lang='lat' dir='ltr'>fornicationem,</span> <span class='ocrx_word' id='word_1_300' title='bbox 528 4315 584 4376; x_wconf 81' lang='lat' dir='ltr'>vel</span> <span class='ocrx_word' id='word_1_301' title='bbox 604 4334 760 4376; x_wconf 82' lang='lat' dir='ltr'>vasorum</span> <span class='ocrx_word' id='word_1_302' title='bbox 782 4317 942 4401; x_wconf 81' lang='lat' dir='ltr'>majorum</span> <span class='ocrx_word' id='word_1_303' title='bbox 964 4317 1215 4398; x_wconf 78' lang='lat' dir='ltr'>dispositt&#39;onam</span> <span class='ocrx_word' id='word_1_304' title='bbox 1225 4307 1492 4400; x_wconf 72' lang='lat' dir='ltr'>frequentissime</span> <span class='ocrx_word' id='word_1_305' title='bbox 1506 4315 1622 4375; x_wconf 78' lang='lat' dir='ltr'>saltem</span> <span class='ocrx_word' id='word_1_306' title='bbox 1642 4340 1663 4376; x_wconf 85' lang='lat' dir='ltr'>a</span> <span class='ocrx_word' id='word_1_307' title='bbox 1678 4332 1800 4382; x_wconf 80' lang='lat' dir='ltr'>tratura</span> <span class='ocrx_word' id='word_1_308' title='bbox 1823 4321 1993 4406; x_wconf 65' lang='lat' dir='ltr'>obertum</span> 
     </span>
    </p>
   </div>
   <div class='ocr_carea' id='block_1_5' title="bbox 266 4427 1993 4520">
    <p class='ocr_par' dir='ltr' id='par_1_7' title="bbox 266 4427 1993 4520">
     <span class='ocr_line' id='line_1_30' title="bbox 266 4427 1993 4520; baseline 0.012 -26"><span class='ocrx_word' id='word_1_309' title='bbox 266 4431 352 4494; x_wconf 84' lang='lat' dir='ltr'>hanc</span> <span class='ocrx_word' id='word_1_310' title='bbox 371 4451 453 4497; x_wconf 82' lang='lat' dir='ltr'>vero</span> <span class='ocrx_word' id='word_1_311' title='bbox 483 4431 746 4498; x_wconf 83' lang='lat' dir='ltr'>observationem</span> <span class='ocrx_word' id='word_1_312' title='bbox 775 4431 816 4492; x_wconf 81' lang='lat' dir='ltr'>ab</span> <span class='ocrx_word' id='word_1_313' title='bbox 842 4435 1028 4498; x_wconf 79' lang='lat' dir='ltr'>auctoribus</span> <span class='ocrx_word' id='word_1_314' title='bbox 1056 4434 1240 4520; x_wconf 79' lang='lat' dir='ltr'>neglectam</span> <span class='ocrx_word' id='word_1_315' title='bbox 1260 4448 1338 4494; x_wconf 87' lang='lat' dir='ltr'>etse.</span> <span class='ocrx_word' id='word_1_316' title='bbox 1389 4427 1562 4515; x_wconf 85' lang='lat' dir='ltr'>Quantum</span> <span class='ocrx_word' id='word_1_317' title='bbox 1590 4433 1682 4497; x_wconf 86' lang='lat' dir='ltr'>eninr</span> <span class='ocrx_word' id='word_1_318' title='bbox 1713 4437 1993 4514; x_wconf 82' lang='lat' dir='ltr'>observationibus</span> 
     </span>
    </p>
   </div>
   <div class='ocr_carea' id='block_1_6' title="bbox 255 4693 1697 5246">
    <p class='ocr_par' dir='ltr' id='par_1_8' title="bbox 268 4693 1131 4888">
     <span class='ocr_line' id='line_1_31' title="bbox 268 4693 884 4768; baseline 0.011 -25"><span class='ocrx_word' id='word_1_319' title='bbox 268 4753 273 4763; x_wconf 87' lang='lat'>.</span> <span class='ocrx_word' id='word_1_320' title='bbox 337 4694 368 4764; x_wconf 83' lang='lat'>1)</span> <span class='ocrx_word' id='word_1_321' title='bbox 387 4693 497 4748; x_wconf 81' lang='lat' dir='ltr'>Handb.</span> <span class='ocrx_word' id='word_1_322' title='bbox 524 4695 551 4750; x_wconf 89' lang='lat' dir='ltr'>d.</span> <span class='ocrx_word' id='word_1_323' title='bbox 571 4699 647 4768; x_wconf 87' lang='lat' dir='ltr'>path.</span> <span class='ocrx_word' id='word_1_324' title='bbox 672 4703 750 4752; x_wconf 82' lang='lat' dir='ltr'>Anat.</span> <span class='ocrx_word' id='word_1_325' title='bbox 771 4701 798 4753; x_wconf 87' lang='lat' dir='ltr'>S.</span> <span class='ocrx_word' id='word_1_326' title='bbox 823 4714 884 4754; x_wconf 85' lang='lat' dir='ltr'>tto.</span> 
     </span>
     <span class='ocr_line' id='line_1_32' title="bbox 336 4807 1131 4888; baseline 0.011 -29"><span class='ocrx_word' id='word_1_327' title='bbox 336 4807 368 4879; x_wconf 76' lang='lat'>2)</span> <span class='ocrx_word' id='word_1_328' title='bbox 390 4809 506 4863; x_wconf 73' lang='lat' dir='ltr'>Baccara</span> <span class='ocrx_word' id='word_1_329' title='bbox 527 4811 555 4866; x_wconf 85' lang='lat' dir='ltr'>in</span> <span class='ocrx_word' id='word_1_330' title='bbox 575 4815 715 4870; x_wconf 83' lang='lat' dir='ltr'>Abhandl.</span> <span class='ocrx_word' id='word_1_331' title='bbox 733 4815 780 4870; x_wconf 75' lang='lat' dir='ltr'>tir</span> <span class='ocrx_word' id='word_1_332' title='bbox 799 4825 885 4888; x_wconf 80' lang='lat' dir='ltr'>praet.</span> <span class='ocrx_word' id='word_1_333' title='bbox 905 4813 1001 4868; x_wconf 76' lang='lat' dir='ltr'>aereo</span> <span class='ocrx_word' id='word_1_334' title='bbox 1017 4812 1049 4868; x_wconf 84' lang='grc' dir='ltr'>Β.</span> <span class='ocrx_word' id='word_1_335' title='bbox 1067 4809 1131 4868; x_wconf 82' lang='lat' dir='ltr'>XX.</span> 
     </span>
    </p>

    <p class='ocr_par' dir='ltr' id='par_1_9' title="bbox 255 4921 1697 5246">
     <span class='ocr_line' id='line_1_33' title="bbox 255 4921 1697 5032; baseline 0.007 -57"><span class='ocrx_word' id='word_1_336' title='bbox 255 4997 259 5005; x_wconf 79' lang='lat'><em>‚</em></span> <span class='ocrx_word' id='word_1_337' title='bbox 334 4921 365 4996; x_wconf 76' lang='grc'>3)</span> <span class='ocrx_word' id='word_1_338' title='bbox 384 4925 532 4982; x_wconf 76' lang='lat' dir='ltr'>Bracaros</span> <span class='ocrx_word' id='word_1_339' title='bbox 551 4931 584 4984; x_wconf 80' lang='lat' dir='ltr'>de</span> <span class='ocrx_word' id='word_1_340' title='bbox 603 4945 717 4988; x_wconf 70' lang='lat' dir='ltr'>morien.</span> <span class='ocrx_word' id='word_1_341' title='bbox 736 4932 795 4988; x_wconf 90' lang='lat' dir='ltr'>l.e.</span> <span class='ocrx_word' id='word_1_342' title='bbox 815 4951 843 5006; x_wconf 94' lang='lat' dir='ltr'>p.</span> <span class='ocrx_word' id='word_1_343' title='bbox 867 4947 928 5004; x_wconf 82' lang='lat'><strong>²37·</strong></span> <span class='ocrx_word' id='word_1_344' title='bbox 958 4931 1001 4986; x_wconf 88' lang='lat' dir='ltr'>De</span> <span class='ocrx_word' id='word_1_345' title='bbox 1023 4930 1106 4988; x_wconf 84' lang='lat' dir='ltr'>lorm.</span> <span class='ocrx_word' id='word_1_346' title='bbox 1125 4928 1205 5032; x_wconf 41' lang='lat' dir='ltr'>curri,</span> <span class='ocrx_word' id='word_1_347' title='bbox 1221 4943 1282 5004; x_wconf 71' lang='lat' dir='ltr'>pag.</span> <span class='ocrx_word' id='word_1_348' title='bbox 1305 4943 1365 5006; x_wconf 88' lang='lat' dir='ltr'>a9o.</span> <span class='ocrx_word' id='word_1_349' title='bbox 1384 4925 1437 4984; x_wconf 85' lang='lat' dir='ltr'>Ov.</span> <span class='ocrx_word' id='word_1_350' title='bbox 1456 4923 1520 5002; x_wconf 72' lang='lat'>256.</span> <span class='ocrx_word' id='word_1_351' title='bbox 1538 4939 1600 5004; x_wconf 64' lang='lat'>257.</span> <span class='ocrx_word' id='word_1_352' title='bbox 1692 5014 1697 5023; x_wconf 28' lang='grc'>1</span> 
     </span>
     <span class='ocr_line' id='line_1_34' title="bbox 332 5041 906 5126; baseline 0.024 -34"><span class='ocrx_word' id='word_1_353' title='bbox 332 5043 365 5110; x_wconf 82' lang='lat'>4)</span> <span class='ocrx_word' id='word_1_354' title='bbox 385 5041 428 5094; x_wconf 88' lang='lat' dir='ltr'>De</span> <span class='ocrx_word' id='word_1_355' title='bbox 444 5041 527 5100; x_wconf 78' lang='lat' dir='ltr'>form.</span> <span class='ocrx_word' id='word_1_356' title='bbox 545 5051 620 5104; x_wconf 85' lang='lat' dir='ltr'>cord.</span> <span class='ocrx_word' id='word_1_357' title='bbox 641 5071 668 5126; x_wconf 87' lang='lat' dir='ltr'>p.</span> <span class='ocrx_word' id='word_1_358' title='bbox 690 5052 750 5126; x_wconf 80' lang='lat'>164.</span> <span class='ocrx_word' id='word_1_359' title='bbox 771 5049 824 5104; x_wconf 84' lang='lat' dir='ltr'>Ov.</span> <span class='ocrx_word' id='word_1_360' title='bbox 845 5047 906 5108; x_wconf 78' lang='lat'>206.</span> 
     </span>
     <span class='ocr_line' id='line_1_35' title="bbox 334 5160 831 5246; baseline 0.022 -32"><span class='ocrx_word' id='word_1_361' title='bbox 334 5160 365 5232; x_wconf 74' lang='grc' dir='ltr'>δ)</span> <span class='ocrx_word' id='word_1_362' title='bbox 381 5161 423 5216; x_wconf 86' lang='lat' dir='ltr'>De</span> <span class='ocrx_word' id='word_1_363' title='bbox 441 5166 620 5236; x_wconf 74' lang='lat' dir='ltr'>generatione.</span> <span class='ocrx_word' id='word_1_364' title='bbox 639 5189 669 5244; x_wconf 90' lang='lat' dir='ltr'>p.</span> <span class='ocrx_word' id='word_1_365' title='bbox 689 5187 749 5246; x_wconf 72' lang='lat'>²35·</span> <span class='ocrx_word' id='word_1_366' title='bbox 767 5187 831 5246; x_wconf 73' lang='lat'><strong>3⁰⁷·</strong></span> 
     </span>
    </p>
   </div>
   <div class='ocr_carea' id='block_1_7' title="bbox 0 0 2536 6278">
    <p class='ocr_par' dir='ltr' id='par_1_10' title="bbox 0 0 2536 6278">
     <span class='ocr_line' id='line_1_36' title="bbox 0 0 2536 6278; baseline 0 0"><span class='ocrx_word' id='word_1_367' title='bbox 0 0 2536 6278; x_wconf 95' lang='lat' dir='ltr'> </span> 
     </span>
    </p>
   </div>
  </div>
 </body>
</html>
