5064 6286
1964 771 2019 862 ¹9

286 962 322 1014 et
345 959 497 1017 curtuma
520 959 586 1018 cor,
606 939 769 1026 iuglandis
790 934 933 1004 minoris
954 933 1101 1000 sormam
1122 931 1352 1022 magnitudine
1372 953 1525 1020 aequans,
1541 935 1641 1022 hepar
1658 935 1854 1024 praegrande
1874 959 1912 1004 ac
1929 947 2014 1010 vesi.

288 1067 361 1130 cula
387 1065 479 1128 fellea
502 1061 716 1134 destitutum,
738 1059 805 1122 lien
826 1075 1020 1140 perparvus,
1050 1055 1256 1119 ventriculus
1279 1073 1359 1118 cum
1387 1055 1551 1119 intestinIs
1581 1069 1671 1120 extra
1698 1056 1866 1122 thoracem
1894 1075 1927 1126 et
1955 1067 2014 1130 ab.

245 1161 249 1166 Ι
287 1185 410 1247 domen
430 1181 530 1246 effuse
553 1194 662 1254 erant,
685 1195 792 1260 neque
813 1178 924 1242 ullum
947 1177 1124 1260 vestigium
1157 1188 1341 1258 aperturae,
1370 1194 1435 1256 qua
1456 1177 1575 1240 viscera
1597 1175 1677 1240 baec
1697 1177 1805 1260 egredi
1824 1183 2018 1266 potuissent.

286 1303 433 1384 conspici
461 1312 602 1384 potesate
645 1297 770 1380 ubique
799 1297 892 1360 enim
918 1311 1035 1376 corpus
1064 1293 1206 1377 perlecta
1235 1294 1393 1358 coalitum
1415 1306 1493 1358 erat.
1527 1295 1646 1359 Solum
1667 1295 1865 1362 intestinum
1884 1317 2014 1370 rectum

284 1423 351 1484 situ
372 1433 468 1502 atque
490 1420 627 1484 decursu
651 1415 793 1482 normali
822 1413 991 1500 giudebat.
1036 1411 1136 1474 Glans
1165 1417 1259 1495 penis
1287 1433 1367 1478 cum
1392 1413 1559 1496 praeputio
1584 1415 1678 1478 valde
1700 1415 1846 1491 tumidae
1878 1421 2014 1492 testiculi

284 1557 394 1620 neque
415 1541 449 1599 in
472 1550 600 1613 scroto,
625 1553 734 1618 neque
754 1535 792 1596 in
812 1532 990 1596 abdomine
1008 1533 1136 1614 reperti.
1180 1531 1281 1595 Astus
1301 1532 1485 1614 superiores
1507 1546 1540 1595 et
1559 1531 1729 1598 inferiores
1748 1531 1789 1596 ad
1806 1548 1959 1604 naturam
1978 1560 2014 1608 ae

284 1657 459 1732 habebant,
482 1657 621 1737 exceptis
642 1653 794 1738 genubus
815 1665 847 1714 et
875 1649 947 1714 talis
975 1649 1119 1731 pedum,
1150 1652 1333 1714 introrsum
1354 1650 1442 1712 flexis
1471 1664 1505 1714 et
1523 1653 1710 1716 incurvatis.
1747 1654 1877 1718 interne
1898 1672 1930 1720 et
1949 1661 2012 1724 sub

285 1788 431 1858 apertura
455 1765 593 1836 thoracis
611 1773 697 1836 nihil
717 1783 843 1856 praeter
864 1767 947 1833 duos
967 1768 1172 1850 pulmonum
1192 1769 1284 1830 lobos
1307 1783 1340 1832 et
1354 1768 1573 1854 diaphragma,
1593 1769 1818 1840 inabdornine
1831 1792 1925 1842 rans·
1945 1776 2011 1846 duo

285 1911 366 1957 cum
396 1892 580 1960 ureteribus
602 1903 635 1956 et
654 1889 764 1954 vesica
784 1887 926 1951 urinaria
946 1887 1134 1970 conspectui
1160 1887 1342 1951 sedabant.

1084 2152 1115 2240 l·
1159 2147 1212 2238 si·

370 2330 574 2393 Wruasouu
601 2332 631 2402 ¹)
658 2345 720 2413 ops
742 2325 898 2392 'foemina
929 2324 1106 2410 quasdam,
1128 2327 1224 2390 altera
1245 2325 1317 2388 vice
1335 2336 1430 2389 utero
1449 2341 1582 2430 gerens,
1603 2343 1684 2408 quas
1704 2326 1854 2410 primaru
1874 2333 2011 2419 jamjam

284 2461 416 2532 partum
439 2448 612 2512 infeliciter
637 2449 838 2525 absolverat,
859 2459 1032 2510 maturum
1061 2446 1195 2528 quidem
1222 2447 1400 2528 parvulum
1429 2460 1542 2508 tamen
1568 2459 1664 2527 atque
1691 2443 1933 2518 debilissimum
1961 2459 2011 2524 fs·

282 2571 371 2646 tum,
391 2567 524 2650 vitaque
546 2571 714 2651 privatum
736 2566 831 2628 enixa
852 2577 909 2630 est.
952 2561 1059 2646 Caput
1077 2579 1111 2628 et
1129 2577 1217 2628 artus
1235 2565 1417 2647 superiores
1436 2565 1522 2628 beate
1544 2576 1637 2629 erant
1657 2565 1802 2646 formati,
1822 2573 1915 2654 apina
1935 2575 2010 2641 dor.

281 2685 354 2750 salis
375 2685 463 2766 iusto
485 2687 614 2764 brevior
634 2697 666 2748 et
686 2697 855 2765 tantopere
877 2681 1103 2746 sinistrorsum
1126 2697 1270 2747 contorta
1291 2695 1323 2743 et
1343 2681 1476 2761 reflexa,
1496 2697 1534 2746 ut
1552 2683 1642 2767 regio
1668 2684 1946 2768 hypocbondrlaca
1968 2697 2012 2760 si.

279 2805 383 2868 nistra
402 2821 536 2887 prorsus
553 2803 719 2879 deficeret,
748 2801 846 2883 pedes
871 2819 952 2864 vero
986 2803 1148 2864 incurvati
1169 2813 1267 2881 atque
1294 2799 1459 2864 deformes
1477 2803 1639 2865 cervicem
1660 2815 1839 2888 tangerent.
1880 2813 2011 2882 Thorax

279 2925 447 2986 minimus
468 2935 535 2984 erat
557 2934 590 2983 et
618 2921 832 3002 depravatus,
858 2919 1046 3003 cartilagine
1066 2932 1257 2982 mucronata
1283 2918 1470 2984 destitutus.
1514 2919 1579 2985 Cor
1603 2921 1644 2982 ad
1665 2923 1820 3005 pollicem
1841 2929 2009 3016 integrum

281 3058 373 3106 extra
392 3054 491 3103 costas
512 3039 741 3122 prominebst;
764 3037 971 3122 diaphragma
993 3039 1205 3100 tenuissimae
1227 3038 1439 3102 membranae
1456 3037 1511 3100 vei
1530 3041 1640 3120 potins
1661 3043 1778 3103 sacculi
1799 3049 1942 3124 speciem
1959 3071 2008 3116 re·

281 3159 417 3236 serebat,
437 3175 582 3242 quocum
604 3174 659 3218 cor
680 3169 713 3221 et
735 3157 932 3242 pulmones,
955 3176 994 3218 ex
1011 3156 1156 3219 maxima
1176 3169 1265 3236 parte
1285 3155 1320 3216 in
1343 3155 1457 3217 dextro
1478 3155 1574 3218 latere
1595 3159 1667 3235 siti,
1695 3161 1918 3245 cingebantur.
1952 3173 2009 3234 In.

280 3295 361 3364 gens
381 3277 480 3358 hepar
502 3275 537 3335 in
560 3274 651 3336 lobos
674 3277 867 3358 conspicuos
889 3294 959 3337 non
981 3287 1046 3337 erat
1066 3275 1231 3350 divisum
1252 3273 1393 3337 vesicula
1415 3273 1507 3336 fellea
1522 3274 1774 3357 desiderabatur,
1794 3279 1911 3348 ductus
1931 3308 2008 3355 vem

281 3393 498 3484 oboledochus
519 3394 687 3456 maximus
708 3391 823 3488 adfuit.
865 3377 1074 3456 Ventriculus
1093 3386 1255 3476 ¹congruae
1285 3392 1540 3477 magnitudinis3
1563 3415 1656 3458 renes
1676 3397 1764 3476 justo
1785 3401 1942 3484 minores,
1962 3430 2010 3474 rs.

279 3495 341 3578 ires
363 3513 593 3578 succenturiati
615 3515 772 3597 ingentes.
813 3515 852 3575 ln
875 3487 1032 3575 consueto
1052 3511 1132 3590 loco⁸
1152 3512 1289 3572 nullum
1319 3498 1485 3576 orificium
1513 3515 1567 3574 a'ni
1589 3514 1818 3592 observatum
1844 3539 1940 3604 supra
1958 3545 2008 3590 οε.

281 3649 314 3693 aa
337 3631 431 3714 pubis
453 3649 531 3692 vero
554 3645 703 3712 apertura
722 3643 799 3707 erat,
818 3631 872 3692 cui
894 3631 990 3693 colon
1010 3631 1249 3693 brevissimum
1264 3643 1361 3715 atque
1381 3633 1417 3694 in
1431 3632 1605 3702 sacculum,
1614 3644 1788 3698 extensum
1804 3639 2008 3722 adhaerebam

278 3744 367 3830 juxta
389 3747 485 3808 istam
505 3749 540 3808 in
560 3751 687 3810 interna
708 3751 789 3811 sacci
812 3749 979 3831 superficie
1000 3763 1032 3810 et
1051 3751 1087 3810 in
1109 3763 1249 3830 utroque
1268 3749 1366 3817 latere
1387 3763 1529 3813 ureteres
1552 3753 1633 3812 vasti
1656 3753 1866 3832 finiebantur,
1888 3761 2008 3838 orificio

278 3867 419 3952 ¹pauxilla
441 3865 640 3952 pinguedine
668 3867 854 3948 cryptisque
883 3867 1028 3930 mucosis
1057 3869 1225 3927 instructo.
1266 3867 1408 3927 Externe
1435 3889 1480 3930 ne
1506 3870 1680 3952 vestigium
1709 3871 1843 3951 quidem
1865 3880 2009 3958 partium

279 3985 475 4072 genitalium
498 3987 779 4070 conspiciebatur3
802 3987 838 4046 in
860 3985 932 4046 loco
954 3983 1120 4046 labiorum
1142 3983 1224 4044 duae
1243 4000 1417 4046 verrucosa
1430 4003 1548 4067 parvae
1563 3986 1762 4051 eminebant.
1802 3993 1840 4054 ln
1864 3995 2009 4077 superio.

283 4121 319 4166 se
349 4117 463 4166 tamen
491 4103 609 4165 sacculi
638 4122 734 4186 supra
761 4105 941 4166 memorati
959 4115 1049 4184 parte
1080 4101 1261 4164 eminentia
1289 4101 1448 4182 quaedam
1475 4117 1599 4186 reperta
1628 4117 1694 4182 eat,
1722 4105 1816 4187 cuius
1844 4111 2008 4178 orificium

279 4219 320 4282 'ad
342 4221 448 4281 aliurn
469 4221 637 4282 sacculum
659 4223 829 4286 minorem
858 4221 1005 4298 ducebat,
1027 4221 1085 4302 qui
1106 4233 1240 4283 uterum
1262 4221 1385 4282 imitari
1404 4221 1586 4285 videbatur.
1627 4225 2008 4298 Musculiabdominales

280 4337 564 4416 desiderabantur,
584 4337 706 4420 placera
725 4339 911 4404 abdominis
934 4341 1105 4424 peritoneo
1127 4339 1285 4416 obsulata,
1300 4339 1388 4422 quod
1409 4355 1491 4403 sero
1507 4340 1618 4424 ipsum
1633 4342 1669 4404 in
1688 4345 1780 4428 parra
1796 4361 1934 4431 mptum
1947 4365 2004 4422 eet.

1083 4583 1114 4672 §-
1157 4603 1210 4672 ae·

281 4778 285 4787 ·
326 4725 331 4736 .
364 4757 464 4826 Aliud
487 4731 680 4846 exemplum
700 4760 854 4824 nondum
871 4757 1071 4844 descriptum
1093 4761 1174 4843 Eup.
1192 4759 1335 4823 cern-n
1351 4745 1485 4824 mecum
1502 4743 1773 4832 communicarit.
1812 4747 2006 4834 deterretur

243 4872 248 4880 '
278 4877 447 4940 'minirum
471 4881 505 4941 in
526 4881 641 4943 Museo
664 4879 852 4944 anatomico
871 4881 1030 4964 Lipsiensi
1050 4881 1194 4944 eceleton
1216 4881 1350 4944 infantis
1366 4899 1478 4944 recens
1498 4863 1584 4960 n'sti,
1610 4900 1706 4946 sexus
1735 4867 1871 4968 potioria
1892 4906 1928 4951 ao
1948 4906 2006 4972 per

352 5143 382 5215 1)
405 5141 630 5216 Abiandlangen
648 5139 676 5200 A.
695 5143 734 5200 K.
755 5139 878 5202 ociosa.
894 5143 991 5204 ulad.
1010 5145 1038 5202 d.
1054 5145 1317 5224 Wimnselseftan.
1335 5143 1429 5204 aton.
1446 5147 1794 5226 e.K.rrsrrraneas'd.1.
1809 5140 1887 5224 1764.
1904 5147 1939 5208 ab
1952 5149 2006 5209 Bd.

404 5233 481 5306 ¹767·
500 5235 578 5292 xvi.
604 5235 680 5292 Seite
697 5241 742 5304 aa.
1923 5283 1927 5291 ,

1386 5349 1473 5422 ca,
